2174 3764
280 166 340 226 sn
363 164 564 242 oomrom
583 163 789 224 sarman.
941 163 998 226 173

78 323 307 396 eruditissimum,
320 328 426 382 natura
446 328 543 381 autem
560 322 603 382 ita
623 343 761 382 resonans
781 327 815 381 ut
832 342 923 402 usque
940 322 998 382 Ro·

77 437 142 477 nam
155 416 383 495 significationes
393 434 533 493 vocesque
545 415 716 488 referantur,
726 414 876 487 contende,
885 434 997 492 quaeso,

75 515 154 588 utque
175 509 293 568 elabora
313 527 374 566 non
394 506 478 565 modo
491 511 526 564 ut
545 506 590 565 his
610 505 697 566 rebus
717 505 821 584 dignus
838 505 928 565 fuisse
948 506 999 566 sed

75 601 152 660 stiam
167 606 204 660 ut
216 600 268 658 illa
280 597 376 657 omnia
387 597 448 656 tuis
461 597 570 656 artibus
584 617 733 676 superasse
745 597 866 657 videare.

106 693 176 752 XV.
197 695 247 750 43.
267 691 308 748 Et
331 688 467 767 quoniam
488 689 558 746 mihi
579 709 662 748 casus
682 689 821 748 urbanam
843 690 875 748 in
897 688 998 767 magis-

71 784 194 844 tratibus
214 780 491 842 administrationem
512 780 555 838 rei
571 781 710 859 publicae,
728 780 783 839 tibi
799 781 998 859 provincialem

71 876 155 948 dedit,
170 874 197 935 si
209 894 274 932 mea
285 892 353 951 pars
372 871 481 930 nemini
499 872 584 944 cedit,
597 872 642 931 fac
655 877 690 930 ut
702 877 755 931 tua
767 878 878 932 ceteros
891 873 997 933 vincat.

71 967 160 1026 Simul
174 972 205 1025 et
218 964 291 1024 illud
304 964 407 1041 cogita,
421 982 474 1022 nos
487 983 547 1022 nou
561 963 597 1022 de
616 963 725 1041 reliqua
737 968 768 1022 et
782 969 896 1041 sperata
908 965 999 1042 glorie

66 1058 123 1137 jam
146 1057 289 1128 laborare,
304 1055 355 1114 sed
376 1055 412 1114 de
433 1059 516 1132 parta
538 1054 687 1126 dimicara3
718 1073 790 1132 quae
809 1055 923 1133 quidem
938 1076 999 1115 non

69 1155 128 1208 tam
148 1147 312 1227 expetenda
332 1145 416 1204 nobis
435 1145 492 1204 fuit
511 1165 596 1223 quam
614 1145 723 1204 urenda
736 1149 789 1204 est.
830 1146 875 1205 Ac
889 1146 914 1204 si
927 1147 999 1206 mihi

69 1240 224 1319 quidquam
237 1242 315 1298 esset
328 1238 379 1296 abs
395 1243 426 1296 te
447 1242 618 1315 separatum,
631 1237 705 1296 nihil
722 1236 844 1317 amplius
858 1237 998 1298 desidera

69 1352 128 1391 ram
140 1332 198 1390 hoc
210 1334 292 1389 statu
306 1328 355 1406 qui
367 1327 438 1386 mibi
447 1328 508 1406 jam
519 1333 621 1406 partus
634 1333 688 1387 est.
718 1328 750 1386 N
750 1348 807 1387 unc
817 1348 884 1387 vero
898 1328 939 1387 sic
951 1349 998 1389 res

69 1442 130 1482 sese
153 1422 243 1481 babet
264 1425 308 1492 ut,
326 1418 384 1477 nisi
404 1419 499 1477 omnia
518 1424 571 1478 tua
593 1420 670 1479 faeta
690 1424 777 1498 atque
798 1419 874 1478 dieta
890 1420 998 1480 nostris

69 1516 154 1576 rebus
175 1514 266 1572 istinc
290 1510 492 1589 respondeant,
515 1530 568 1588 ego
590 1531 637 1570 me
660 1510 751 1570 tantis
770 1511 841 1569 meis
854 1511 998 1571 laboribus

69 1607 217 1684 tantisque
236 1602 382 1682 periculis,
401 1622 521 1680 quorum
541 1607 577 1661 tu
596 1602 724 1662 omnium
743 1604 886 1682 particeps
906 1603 997 1677 fuisti,

69 1688 140 1757 nihil
152 1699 341 1756 consecutum
356 1700 466 1772 putem.
501 1693 587 1768 Quod
600 1693 625 1753 si
634 1699 669 1753 ut
679 1695 884 1772 amplissimum
893 1715 999 1756 nomen

70 1806 313 1866 consequeremur
324 1805 401 1844 unus
414 1789 529 1863 praeter
542 1790 653 1844 ceteros
673 1785 816 1864 adjuvisti,
830 1792 908 1845 certe
921 1786 998 1846 idem

70 1885 103 1938 ut
123 1880 155 1940 id
178 1878 356 1939 retineamus
381 1882 497 1956 praeter
519 1882 629 1936 ceteros
653 1877 818 1938 elaborabis.
859 1879 930 1938 Non
952 1887 998 1938 est

70 1971 123 2030 tibi
135 1971 181 2029 his
193 1969 262 2029 solis
273 1968 414 2028 utendum
424 1966 684 2027 existimationibus
693 1988 726 2028 ac
734 1968 850 2047 judiciis
861 1970 911 2047 qui
920 1989 998 2030 nunc

71 2067 138 2121 sunt
150 2059 311 2133 hominum,
325 2059 376 2119 sed
387 2059 424 2118 iis
437 2058 524 2118 etiam
541 2058 592 2138 qui
608 2059 701 2118 futrui
721 2066 807 2120 sunt:
827 2080 997 2139 quamquam

101 2225 304 2290 Siqsrfleatc'oaer]
345 2224 426 2272 Cicero
436 2223 519 2285 speaks
550 2223 578 2271 of
591 2223 701 2281 Quintus,
712 2223 780 2270 when
793 2223 879 2272 hewss
892 2239 907 2272 a
918 2224 995 2272 candi·
1064 2194 1067 2199 -

72 2290 96 2337 ol
112 2304 128 2338 s
146 2290 298 2350 ‘significatio
319 2288 448 2350 probitatis'
471 2288 520 2350 (De
550 2288 651 2334 ἀποίου
664 2288 706 2334 the
721 2289 861 2350 consulship.
895 2290 997 2341 Quintus

71 2353 203 2417 Ama9).
238 2351 520 2412 ‘Significatio’meansa
550 2351 673 2398 addressed
691 2356 717 2399 to
734 2352 771 2399 his
788 2352 883 2400 brother
898 2367 913 2399 a
930 2354 997 2401 small

72 2418 121 2479 sign
140 2433 168 2466 or
187 2415 314 2463 indication
335 2416 363 2463 of
380 2415 518 2476 something.
550 2415 650 2469 trasiae,
662 2415 709 2462 still
721 2418 809 2474 exunt,
820 2416 917 2463 entitled
934 2417 996 2464 “De

73 2479 170 2556 liue'lt
186 2480 266 2555 isthe
283 2480 346 2540 signs
363 2479 389 2526 of
400 2479 517 2540 applause,
550 2478 664 2526 Petitione
680 2478 845 2554 Considams,”
861 2480 937 2555 which
950 2481 996 2528 isa

72 2542 519 2666 ucri
548 2605 996 2669 a,

72 2671 205 2762 W·
223 2670 253 2745 In
261 2670 299 2744 De
308 2669 393 2756 Amo.
403 2671 441 2727 14,
451 2669 518 2718 there
550 2669 637 2744 Supfle,
648 2669 689 2717 the
706 2669 804 2745 abusion
817 2671 838 2719 is
851 2675 876 2718 to
887 2671 928 2746 the
939 2686 995 2757 cop-

72 2736 517 2859 ”sumturum
548 2733 872 2845 ffldfflassld
893 2734 995 2783 ΟΜ

74 2861 262 2923 ‘dgnificstiones
292 2875 405 2922 vocesque
413 2860 428 2916 ;’
471 2860 518 2906 and
584 2861 728 2921 Quamquam
743 2861 849 2922 illorum]
883 2860 995 2909 Thisisa

74 2923 127 2973 ‘uu
143 2923 229 2972 omnia’
247 2929 273 2972 to
288 2924 349 2971 refer
361 2923 477 2984 generally
485 2928 518 2997 ’to
548 2923 610 2997 good
623 2925 729 2985 example
744 2925 771 2971 ol
785 2922 909 2980 ‘illorum'
920 2939 946 2972 aa
956 2940 994 2972 re·

73 2986 124 3099 ἐξ·
143 2987 230 3064 rehu&
252 2988 299 3034 and
314 2993 340 3034 to
354 3002 426 3062 ¹every
443 3001 519 3048 prmse
548 2987 634 3048 forring
648 2988 747 3062 towhat
761 2988 819 3034 isin
836 2987 994 3063 mentalcon·

104 3051 516 3175 lauplpfffiuzdffltyegmm]
549 3051 876 3176 l‘eialiiiidiodiniliilliiieduntlll’
899 3065 995 3163 elidii?

76 3176 173 3237 Cicero's
188 3179 318 3239 activityin
329 3177 519 3239 hispraetorship
550 3177 597 3224 tius
618 3177 673 3224 does
692 3181 734 3223 not
754 3191 792 3223 see
815 3178 877 3225 what
896 3183 994 3240 ‘qnam

74 3241 118 3289 sud
133 3242 170 3290 his
188 3242 321 3303 consulship
336 3255 398 3288 were
413 3241 520 3288 oonfined
551 3239 628 3302 qusm’
640 3241 696 3287 here
705 3239 762 3287 edds
772 3241 846 3331 sothe
853 3243 994 3328 expression.

74 3305 329 3431 ”dinibpzaumcm
349 3367 444 3430 mmm]
480 3367 519 3416 He
551 3304 685 3431 llinibidl
705 3303 1002 3430 brxidbllddddffintbb

75 3445 165 3491 appears
179 3437 204 3479 to
216 3432 295 3480 allude
310 3435 335 3480 to
348 3431 390 3480 the
400 3434 521 3485 exertions
552 3434 696 3485 madon
704 3432 732 3483 ai
742 3437 750 3460 ⁸
761 3431 919 3498 ammaum}
935 3426 1023 3479 subs&
