2174 3764
116 180 176 238 110
492 176 681 237 LAELIUS.

113 335 264 394 inimicum
277 354 341 396 esse
353 333 464 413 posse?
506 334 587 410 Quin
600 335 688 395 etiam
701 353 820 395 necesse
832 334 891 395 erit
903 354 1013 416 cupere
1026 343 1057 399 et

113 431 216 505 optare
228 432 264 485 ut
278 446 364 504 quam
380 425 547 504 saepissime
566 432 668 505 peccet
687 425 806 500 amicus,
819 447 878 506 quo
891 428 993 507 plures
1006 429 1057 490 det

114 517 169 577 sibi
181 523 330 595 tamquam
345 536 431 576 ansas
451 516 489 575 ad
508 517 796 596 reprehendendum
815 539 935 579 rursum
955 526 1056 581 autem

112 613 192 668 recte
207 608 304 668 'factis
331 608 545 686 commodisque
568 609 725 669 amicorum
750 629 871 670 necesse
896 610 953 671 erit
977 612 1056 691 angi,

113 699 218 774 dolere,
244 699 382 760 invidere.
434 704 482 761 60.
518 700 616 775 Quare
641 700 697 761 hoc
723 700 840 779 quidem
865 710 1056 783 praeceptum

112 791 310 871 cujuscunque
337 797 383 852 est
398 792 447 852 'ad
472 792 632 853 tollendam
658 792 814 853 amicitiam
840 795 927 855 valet.
975 796 1055 861 Illud

111 882 211 962 potius
224 883 459 962 praecipiendum
468 883 534 956 fuit,
540 889 576 943 ut
586 904 650 944 eam
660 884 840 962 diligentiam
850 885 1054 949 adhiberemus

111 975 144 1032 in
155 976 291 1036 amicitiis
305 975 504 1056 comparandis
517 980 604 1036 utne
617 976 733 1056 quando
748 995 845 1037 amare
857 977 1053 1058 inciperemus

111 1086 179 1126 eum
202 1088 289 1146 quem
315 1067 468 1146 aliquando
492 1066 588 1126 odisse
609 1087 768 1146 possemus.
810 1067 1004 1143 Quinetiam
1027 1071 1053 1131 si

110 1158 208 1218 minus
222 1159 321 1219 felices
341 1159 374 1218 in
393 1159 545 1236 deligendo
565 1158 730 1245 fuissemus,
743 1158 899 1219 ferendum
911 1160 944 1220 id
958 1161 1052 1241 Scipio

110 1250 209 1329 potius
224 1271 310 1329 quam
323 1251 540 1311 inimicitiarum
551 1255 669 1329 tempus
682 1249 871 1327 cogitandum
883 1253 1018 1331 putabat.

150 1343 257 1403 XVII.
290 1347 337 1403 61.
366 1342 426 1403 His
448 1342 540 1420 igitur
563 1342 670 1402 finibus
691 1341 836 1402 utendum
858 1342 993 1417 arbitror,
1017 1350 1051 1405 ut

111 1454 201 1513 quum
215 1436 361 1496 emendati
380 1455 475 1495 mores
495 1434 652 1494 amicorum
676 1434 745 1507 sint,
758 1438 825 1493 tum
845 1433 886 1494 sit
904 1435 986 1496 inter
1002 1456 1051 1497 eos

111 1514 240 1588 omnium
254 1550 360 1602 rerum,
375 1527 569 1600 consiliorum,
581 1527 766 1586 voluntatum
788 1526 852 1586 sine
872 1527 934 1587 ulla
952 1548 1050 1607 excep·

109 1620 192 1680 tione
213 1621 414 1694 communitas,
427 1625 463 1680 ut
484 1619 580 1691 etiam,
600 1618 625 1678 si
642 1638 700 1697 qua
717 1617 838 1677 fortuna
858 1618 997 1679 acciderit
1015 1626 1050 1681 ut

110 1713 207 1772 minus
217 1714 316 1792 justae
329 1713 486 1772 amicorum
497 1711 663 1771 voluntates
677 1709 856 1789 adjuvandae
869 1710 975 1771 sintin
989 1711 1049 1791 qui·

110 1805 165 1864 bus
180 1825 280 1864 eorum
293 1810 346 1864 aut
356 1809 444 1884 caput
457 1809 562 1882 agatur
575 1808 628 1862 aut
645 1801 730 1875 falna,
744 1801 949 1861 declinandum
961 1802 1001 1863 sit
1014 1802 1049 1863 de

110 1896 163 1967 via,
178 1896 263 1955 modo
284 1917 323 1955 ne
345 1917 457 1955 summa
476 1894 630 1975 turpitudo
651 1899 806 1973 sequatur:
827 1899 873 1953 est
892 1894 969 1954 enim
982 1914 1048 1974 qua·

109 1993 197 2047 tenus
211 1988 353 2049 amicitiae
368 1988 430 2048 deri
439 1987 522 2047 venia
534 1987 636 2067 possit.
664 1988 729 2047 Neo
739 2006 807 2046 vero
817 1986 992 2064 negligenda
1004 1992 1048 2047 est

109 2080 193 2153 fama,
215 2100 270 2139 nec
296 2080 440 2139 mediocre
465 2080 558 2169 telum
584 2078 622 2137 ad
647 2098 694 2137 res
717 2077 857 2156 gerendas
884 2077 1048 2139 existimare

110 2177 226 2250 oportet
247 2172 478 2231 benevolentiam
500 2170 613 2242 civium,
627 2189 713 2248 quam
732 2169 881 2229 blanditiis
901 2175 933 2229 et
952 2190 1047 2230 assen-

108 2263 199 2322 tando
223 2265 357 2342 colligere
378 2271 465 2342 turpe
486 2268 548 2322 est:
569 2262 663 2322 virtus
683 2281 769 2341 quam
790 2262 923 2340 sequitur
944 2261 1047 2321 caritas

109 2355 226 2414 minime
249 2357 429 2435 repudianda
451 2361 505 2415 est.
547 2358 595 2414 62.
617 2353 674 2415 Sed
697 2374 783 2433 saepe
804 2353 883 2413 enim
904 2354 992 2414 redeo
1013 2353 1048 2413 ad

143 2501 180 2554 17.
197 2501 247 2547 Hic
264 2501 340 2559 iyitur
354 2501 560 2559 finitae-sequa·
593 2495 674 2554 sunt,”
683 2496 759 2543 which
770 2495 833 2556 gives
844 2510 859 2542 a
869 2494 979 2543 different
988 2494 1048 2543 form

109 2564 177 2625 tum]
214 2564 303 2611 Gellius
316 2564 341 2624 (i.
353 2563 379 2625 3)
392 2562 561 2610 catinizesthis
593 2562 667 2608 tothe
676 2565 793 2607 sentence.
827 2558 1048 2607 ‘Declinandurnde

109 2643 205 2690 passage
222 2628 249 2674 of
264 2628 354 2674 Cicero.
388 2627 427 2674 He
444 2642 496 2688 says
509 2627 562 2674 that
593 2627 631 2672 via
650 2623 703 2673 sit?
730 2623 842 2684 Scyth-⁴
851 2623 933 2670 Virtus
952 2623 1046 2685 quam?

108 2693 283 2754 Theophrastus
305 2692 365 2753 fully
385 2691 504 2738 dismissed
520 2691 562 2738 the
594 2688 691 2736 ‘virtus'
700 2689 756 2736 does
766 2693 886 2734 notmean
894 2688 1048 2749 virtuegene-

108 2762 201 2813 matter,
222 2756 298 2803 which
322 2757 342 2802 is
364 2755 516 2816 propounded
537 2755 562 2801 in
594 2755 660 2814 rnlly,
682 2769 708 2800 as
729 2753 770 2800 the
791 2757 886 2799 context
907 2752 993 2800 shows.
1026 2751 1049 2801 It

108 2823 150 2868 the
160 2823 212 2868 first
222 2822 266 2868 few
276 2821 335 2867 haas
349 2820 376 2866 oi
388 2820 437 2867 this
450 2821 561 2880 chapter3
595 2833 674 2865 means
695 2819 763 2865 those
783 2817 871 2863 virtues
891 2829 919 2863 or
940 2816 1049 2878 qualitics

108 2886 156 2933 aad
166 2887 187 2933 if
195 2887 231 2933 his
240 2900 344 2945 memory
352 2885 409 2931 does
417 2888 460 2931 not
471 2883 563 2930 deceive
594 2882 670 2929 which
681 2883 735 2944 gain
745 2885 841 2929 estcem.

108 2951 166 3007 him,
177 2952 198 2997 it
207 2965 253 2997 was
265 2949 342 2996 inthe
353 2950 404 2995 first
415 2948 477 2995 book
488 2947 515 2994 of
526 2947 562 2994 his
628 2947 678 2993 Sed
688 2961 757 3007 caepe
768 2944 842 3006 enim]
875 2942 972 2991 Orelli's
983 2943 1049 2992 read·

108 3016 202 3062 trectise
223 3031 254 3062 on
275 3013 412 3074 friendship‚
434 3012 510 3059 which
531 3011 562 3058 he
594 3011 635 3072 ing
644 3011 672 3068 is,
689 3015 703 3038 ⁸⁴
712 3010 758 3057 Sed
775 3009 965 3070 saepe-etenim
980 3008 1049 3056 redeo

108 3079 189 3126 thinks
205 3079 257 3126 that
268 3079 349 3126 Cicero
364 3077 411 3124 had
426 3076 483 3122 read
495 3075 562 3122 when
595 3070 952 3135 ...amicitia—querebatur.”
973 3072 1050 3120 These

108 3143 139 3190 he
147 3149 218 3191 wrote
229 3145 265 3190 his
275 3143 370 3190 treatise
381 3157 413 3188 on
423 3139 561 3201 friendship.
594 3139 614 3186 is
631 3155 663 3186 no
679 3139 754 3186 doubt
770 3138 823 3184 that
839 3136 936 3198 ‘saepe'
951 3136 1049 3198 belongs

109 3207 198 3255 Gellius
225 3208 353 3268 complains
381 3207 434 3253 that
461 3203 563 3252 Cicero’s
595 3209 620 3250 to
637 3203 721 3250 ‘redeo
730 3201 745 3260 ς’
762 3202 809 3262 aud
825 3201 838 3248 I
854 3201 915 3248 have
931 3200 1049 3249 therefore

103 3272 164 3327 tale,
178 3272 357 3320 ‘declinandum
373 3270 421 3326 sit,’
434 3273 477 3316 &a
488 3269 508 3315 is
520 3273 562 3315 not
594 3267 702 3315 followed
718 3267 824 3329 Seyffert,
836 3272 921 3327 except
930 3264 984 3314 that
994 3264 1008 3313 1
1018 3264 1049 3313 dc

89 3336 194 3392 precise.
233 3337 263 3385 ln
276 3337 318 3385 the
330 3350 428 3400 passage
439 3335 465 3382 of
473 3332 562 3391 Cicero,
594 3337 637 3380 not
657 3332 726 3379 think
747 3331 767 3378 it
787 3344 910 3390 necessary
929 3335 956 3377 to
975 3328 1050 3385 write,
1081 3390 1084 3395 Ι

76 3410 111 3466 με
123 3402 220 3458 quoted
241 3403 273 3466 by
289 3404 393 3463 Gellius,
414 3402 455 3452 the
468 3399 569 3462 reading
601 3402 615 3426 ‘⁸
625 3396 792 3455 ssa-aeas„
803 3428 810 3441 .
822 3394 1050 3455 ,amaus-qaaes-

69 3471 93 3503 ¹³
106 3459 122 3520 (
119 3465 159 3510 ⁶11·
175 3465 305 3534 Gronov.)
327 3466 482 3520 “emendati
493 3481 576 3517 mores
606 3459 701 3513 baturl'
733 3460 766 3507 it
778 3458 803 3505 is
817 3456 945 3504 cosmum
958 3468 1058 3514 suum
