2174 3764
311 40 420 97 κ

108 189 165 246 100
340 200 343 205 ·
449 163 665 243 nannius.

106 344 142 402 ab
160 342 258 401 amieis
276 343 398 418 honesta
416 346 558 421 petamus,
572 340 728 401 amicorum
746 355 832 399 causa
853 340 976 399 honesta
993 339 1035 400 fa·

106 435 214 493 ciamus
223 457 231 505 ;
249 453 288 492 ne
306 437 505 511 exspectemus
518 433 633 511 quidem
648 433 717 491 dum
735 450 885 510 rogemur3
906 429 1034 492 studium

107 544 219 607 semper
231 524 315 598 adsit,
329 523 475 583 cunctatio
494 523 585 583 absit:
607 523 758 583 consilium
771 542 838 582 vero
853 523 921 582 dare
935 524 1034 583 audea-

106 635 170 674 mus
183 615 288 686 libere;
308 614 465 694 plurimum
477 613 509 672 in
522 615 647 674 amicitia
660 615 814 674 amicorum
826 614 903 674 bene
917 615 1035 674 suaden-

105 708 180 766 tium
192 707 286 767 valeat
298 706 463 778 auctoritas,
478 726 567 783 eaque
585 712 616 766 et
628 706 799 766 adhibeatur
811 705 849 764 ad
862 707 1034 766 monendum

106 818 165 857 non
185 797 270 856 modo
292 802 389 876 aperte
411 797 462 856 sed
483 797 570 856 etiam
586 798 698 869 acriter,
713 797 738 856 si
756 817 803 857 res
822 798 992 876 postulabit,
1007 803 1033 857 et

106 888 250 948 adhibitae
275 893 419 968 pareatur.
469 891 517 947 45.
546 889 623 947 Nam
650 888 829 966 quibusdam,
853 909 927 967 quos
954 890 1034 949 audio

107 979 251 1057 sapientes
271 979 385 1039 habitos
408 979 441 1041 in
459 979 588 1052 Graecia,
608 979 749 1058 placuisse
772 979 875 1058 opinor
898 981 1034 1041 mirabilia

106 1071 261 1150 quaedam:
283 1072 333 1131 sed
354 1071 427 1130 nihil
447 1072 588 1149 estquod
608 1066 651 1130 illi
671 1091 732 1131 non
752 1077 966 1150 persequantur
979 1073 1035 1132 suis

106 1163 244 1241 argutiis:
258 1163 364 1243 partim
373 1162 524 1241 fugiendas
535 1183 598 1222 esse
607 1162 711 1223 nimias
721 1162 862 1222 amicitias
872 1184 911 1223 ne
922 1153 1034 1225 necessa

105 1255 145 1315 sit
158 1275 251 1315 unum
264 1255 418 1315 sollicitum
431 1275 494 1314 esse
506 1275 559 1333 pro
572 1254 719 1334 pluribus:
733 1254 963 1344 sanerque
977 1275 1036 1316 esse

106 1367 225 1408 suarum
247 1348 350 1426 cuique
371 1367 476 1420 rerum,
493 1347 593 1406 alienis
614 1346 700 1405 nimis
723 1345 865 1425 implicari
887 1348 1037 1407 molestum

107 1461 186 1513 esse;
201 1439 461 1499 commodissimum
469 1459 531 1498 esse
540 1459 625 1517 quam
632 1438 790 1516 lenissimas
798 1437 926 1500 habenas
934 1441 1038 1502 habere

106 1532 256 1604 amicitiae,
271 1552 340 1610 quas
354 1532 399 1590 vel
412 1531 536 1590 adducas
550 1551 638 1608 quum
650 1529 721 1589 velis
730 1529 776 1588 vel
788 1529 939 1605 remittas3
953 1539 1038 1612 caput

106 1624 184 1683 enim
207 1644 269 1683 esse
291 1623 328 1681 ad
348 1623 432 1682 beate
445 1622 600 1681 vivendum
621 1620 805 1681 securitatem
822 1642 881 1700 qua
901 1622 962 1683 frui
980 1621 1040 1684 non

105 1715 198 1793 possit
214 1714 335 1785 animus,
350 1714 375 1772 si
395 1719 542 1791 tamquam
562 1713 705 1792 parturiat
724 1732 802 1772 unus
823 1733 877 1792 pro
897 1715 1037 1794 pluribus.
1076 1754 1083 1764 -

38 1822 62 1892 ᾖ,
105 1814 153 1868 46.
174 1809 257 1868 Alios
281 1814 379 1867 autem
401 1808 494 1867 dicere
518 1809 601 1868 aiunt
622 1809 714 1867 multo
734 1808 820 1867 etiam
843 1809 1039 1885 inhumanius,

106 1921 191 1980 quem
203 1901 300 1960 locum
312 1899 438 1958 breviter
447 1900 604 1978 perstrinxi
617 1901 713 1979 paullo
723 1905 799 1973 ante,
810 1883 951 1980 praesidii
961 1902 1040 1984 adju·

106 1992 253 2070 mentique
267 2012 359 2064 eausa,
373 2012 434 2050 non
447 1992 663 2051 benevolentiae
683 2011 779 2070 neque
791 1992 931 2069 caritatis,
946 1995 1040 2055 amici·

105 2083 162 2142 tias
173 2104 236 2142 esse
247 2084 435 2162 expetendam
448 2083 547 2162 itaque
556 2088 591 2142 ut
601 2084 722 2162 quisque
732 2083 884 2144 minimum
894 2085 1040 2147 firmitatis

105 2176 210 2234 habeat
221 2175 427 2254 minimumque
436 2175 547 2246 virium,
556 2175 597 2234 ita
607 2175 746 2234 amicitias
757 2181 892 2254 appetere
901 2179 1040 2239 maximoe

139 2306 175 2354 la.
188 2306 284 2352 Partim
285 2304 424 2364 sapiendae,
432 2305 487 2366 δια]
504 2305 556 2352 The
622 2306 710 2367 Caput]
745 2306 826 2354 Cicero
837 2321 889 2368 says
901 2306 951 2371 (De
962 2309 1004 2359 Or.
1015 2311 1041 2358 ii:

105 2369 263 2416 resemblance
279 2368 384 2415 between
399 2369 446 2415 this
459 2384 556 2430 passage
587 2371 646 2428 82):
664 2374 679 2397 ⁴‘
689 2370 719 2416 ad
735 2370 898 2419 consiliumde
911 2375 1041 2436 republica

105 2434 152 2480 and
164 2448 208 2481 one
219 2433 245 2478 in
257 2432 379 2492 Euripides
392 2431 554 2494 (Hippolytus,
587 2432 691 2480 dandum
707 2440 776 2494 caput
787 2439 823 2480 est
833 2449 904 2482 nosse
914 2451 967 2486 rem
981 2440 1040 2500 pub-

105 2513 127 2544 ν.
139 2495 205 2558 252),
218 2511 292 2542 seems
303 2501 327 2542 to
339 2497 402 2542 show
412 2496 464 2543 that
476 2497 556 2544 Cicero
587 2496 681 2543 licam.”
699 2497 807 2559 ‘Caput’
819 2513 901 2547 means
913 2502 971 2550 ‘the
981 2503 1044 2550 chief

106 2567 169 2608 must
184 2561 242 2606 have
258 2560 303 2606 had
320 2561 339 2606 it
348 2561 373 2606 in
385 2560 421 2606 his
437 2561 509 2617 mind,
520 2561 558 2607 for
588 2560 672 2621 thing!

106 2626 192 2671 hewa's
211 2624 309 2670 sarniliar
319 2624 375 2670 with
392 2625 433 2670 the
452 2625 517 2685 plays
533 2625 559 2670 of
621 2624 720 2686 Seyffert
746 2623 854 2672 observes
881 2628 936 2677 that
961 2629 1041 2678 Cicero

106 2689 235 2750 Euripides.
280 2688 305 2734 lt
330 2689 350 2734 is
371 2702 417 2734 one
441 2688 468 2735 of
491 2689 556 2735 these
587 2702 641 2734 uses
659 2689 800 2736 ‘securitas’
818 2689 877 2737 both
896 2698 924 2740 to
944 2709 1041 2758 express

107 2752 240 2813 ‘argutiae’
257 2767 285 2798 or
300 2751 427 2808 subtleties,
440 2752 467 2799 of
480 2752 556 2799 which
587 2752 628 2798 the
649 2751 752 2816 εὐθυμία
776 2753 803 2800 of
822 2755 981 2817 Democritus,
1002 2759 1041 2807 the

106 2833 177 2879 many
189 2817 306 2878 exemplos
322 2831 391 2863 occur
406 2816 432 2862 in
447 2816 495 2862 this
506 2817 558 2863 dra-
590 2814 697 2862 ἀπάθεια
718 2816 745 2863 of
763 2816 804 2864 the
826 2818 910 2877 Stoica,
933 2822 982 2870 and
1001 2823 1041 2871 the

106 2882 194 2928 mutiat.
591 2877 668 2936 ἡδονή
680 2881 708 2926 of
715 2881 837 2942 Epicurus.
877 2884 917 2931 He
929 2901 983 2948 says
994 2885 1041 2950 (Dc

591 2943 640 2990 Fin.
654 2960 676 2991 v.
693 2944 735 3007 8):
754 2950 768 2973 “
778 2946 907 2995 Demoorlti
921 2953 1040 3031 securitasy

591 3013 700 3068 quaeest
715 3008 787 3055 anian
802 3015 915 3072 tanquam
927 3016 1040 3078 tranquil.

588 3070 649 3124 litas.
661 3087 732 3132 quam
742 3073 867 3133 appellavit
878 3075 1025 3141 εὐθυμίαν.”

107 3135 177 3183 Some
185 3136 260 3182 critica
269 3148 370 3196 suppose
376 3133 427 3180 that
434 3133 557 3194 Euripides
620 3136 727 3196 Habeat]
753 3136 851 3197 Seyffert
861 3137 904 3186 has
916 3141 1040 3192 ‘haberet’

106 3199 126 3246 is
152 3201 207 3246 herc
234 3200 301 3259 using
322 3213 337 3244 a
358 3197 461 3244 Socratic
481 3198 555 3260 irony.
588 3198 648 3245 from
666 3200 708 3245 the
724 3199 867 3258 besaMss,
887 3218 913 3250 aa
931 3205 962 3253 he
980 3222 1040 3270 says.

107 3262 198 3323 Hardly
216 3278 249 3319 so,
265 3262 364 3309 Ithink.
398 3261 496 3322 Seyffert
514 3262 556 3308 has
589 3262 628 3308 Hc
643 3263 761 3310 considers
776 3264 817 3311 the
834 3265 940 3314 ‘dicere'
953 3269 979 3316 in
991 3271 1041 3318 ‘da

98 3327 279 3384 ‘argumentis’
299 3327 325 3374 r'n
347 3325 415 3390 place
442 3325 469 3372 of
493 3327 556 3373 ‘auis
588 3340 640 3372 cere
656 3327 739 3382 aiunt:
756 3341 782 3374 aa
799 3343 814 3374 a
828 3336 925 3390 present
943 3334 1040 3396 perfect,

81 3390 207 3457 argutiis!
248 3392 353 3457 Madvig
368 3393 413 3442 has
433 3391 557 3456 ‘argutiis’
592 3390 640 3437 aad
654 3391 709 3438 that
719 3392 742 3438 'at
759 3391 833 3451 ought
843 3396 957 3457 properly
970 3402 997 3445 to
1013 3399 1042 3446 be

68 3451 173 3512 srmply,
599 3453 723 3512 ‘dixissea¹
746 3453 797 3500 bnt
814 3454 918 3500 ‘drame‘
940 3458 969 3503 ‘aa
983 3462 1053 3516 nme„

107 2973 173 3034 χρῆν
185 2970 232 3034 γὰρ
243 2970 343 3032 μετρίας
353 2966 387 3024 εἰς
399 2967 528 3025 ἀλλήλους

107 3036 190 3097 φιλίας
199 3035 306 3090 θνατοὺς
315 3032 505 3094 ἀνακίρνασθαι,
514 3037 555 3080 &c
