2174 3764
385 56 419 102 ..e
438 39 544 154 {W

264 94 314 149 Γοζ,
353 100 370 113 ¹⁷

240 238 249 289 Ι.
355 187 441 249 cAP.
462 188 551 248 XXI.
572 187 679 249 XXII.
941 189 980 248 61

56 345 195 418 luminati,
217 348 371 424 dunquam
396 345 544 406 dubitasse
566 346 638 426 quin
663 367 698 406 ex
720 344 855 405 universa
880 349 980 405 mente

56 437 141 496 lisina
167 438 312 511 delibatos
338 437 448 498 animos
474 438 652 498 haberemus,
696 437 980 497 Demonstrabantur

56 528 117 587 nihi
128 535 281 607 praeterea
290 549 364 608 quae
378 531 509 589 Socrates
523 549 656 608 supremo
666 529 742 589 vitae
756 528 802 588 die
816 529 851 588 de
864 529 978 588 immor·

56 620 159 680 talitate
172 621 338 680 animorum
356 621 545 693 disseruisset,
559 621 584 680 is
599 621 648 700 qui
665 626 742 680 esset
761 619 888 679 omniurn
905 619 978 698 sapi·

56 712 213 772 tutissimus
240 713 358 772 oraculo
383 713 528 792 Apollinis
550 715 706 793 judicatus.
722 693 763 775 f
758 713 838 788 Quid
863 696 1041 809 multaix

55 803 95 863 tic
106 804 331 893 mihi-persuasi,
346 804 386 863 sic
407 805 509 877 sentio,
523 826 611 883 quum
630 810 714 864 tanta
726 805 857 888 celeritas
871 805 978 864 anirno·
1004 826 1040 864 a·

55 914 111 953 mm
124 897 171 969 sit,
185 900 271 955 tanta
289 896 426 956 memoria
444 898 665 974 praeteritorum
677 897 898 974 futurorumque
911 916 977 983 pru·

56 985 152 1071 dantia,
165 993 211 1046 tot
234 993 322 1060 artes,
335 992 435 1046 tantae
455 987 599 1060 scientiae,
613 994 659 1047 tot
678 987 804 1060 invente,
817 1007 878 1046 non
893 1007 979 1066 posse

56 1096 111 1137 eam
134 1083 272 1138 naturam
298 1099 371 1158 quae
396 1099 444 1138 res
470 1099 519 1139 eas
545 1079 694 1139 contineat
720 1099 783 1139 esse
808 1079 977 1138 mortalem:
995 1100 1019 1136 r·

56 1188 190 1249 quumque
211 1190 327 1249 semper
341 1170 470 1248 agitetur
481 1171 594 1231 animus
614 1160 668 1230 hec
687 1171 780 1250 princi
800 1171 861 1229 ium
880 1177 978 1230 motus
1008 1190 1036 1233 t·-

56 1259 156 1336 hsbeat,
171 1263 241 1341 quia
259 1283 291 1322 se
309 1262 371 1341 ipse
390 1269 512 1335 moveat,
525 1283 563 1322 ne
582 1264 669 1323 finem
683 1192 978 1341 qnidenlhabiturum

57 1370 109 1412 esse
120 1361 227 1426 motus,
239 1353 308 1432 quia
320 1373 468 1432 nunquam
482 1374 513 1414 se
526 1354 588 1432 ipse
602 1355 641 1413 sit
654 1355 824 1426 relicturum
845 1359 875 1412 et
889 1374 978 1432 quum

57 1441 163 1523 inflex
176 1445 268 1504 animi
280 1449 386 1504 natura
399 1451 484 1518 esset,
497 1465 591 1523 neque
604 1446 722 1505 haberet
735 1446 767 1504 in
780 1466 810 1504 se
824 1445 979 1525 quidguam

56 1532 203 1596 stantum
216 1536 316 1614 dispar
335 1536 381 1595 sui
400 1542 487 1614 atque
509 1537 653 1610 dissimile,
667 1558 727 1597 non
746 1556 831 1616 pom
851 1555 918 1595 eum
936 1536 977 1595 di-

56 1625 117 1701 sidi3
136 1628 216 1708 quod
235 1627 261 1686 si
277 1648 339 1687 non
358 1628 460 1706 possit,
473 1648 540 1688 non
553 1649 638 1708 posse
658 1629 797 1688 interire:
817 1648 978 1706 magnoque

56 1735 107 1779 esse
124 1726 301 1801 argu—merto
320 1719 450 1778 homines
471 1719 543 1778 scire
563 1720 697 1798 pleraque
718 1726 787 1778 ante
807 1740 892 1797 quam
914 1720 978 1779 nati

56 1809 110 1884 sint,
132 1811 213 1890 quod
230 1811 294 1890 jam
315 1810 407 1888 pueri,
431 1830 520 1889 quum
543 1819 620 1869 artes
642 1811 770 1870 difficiles
794 1810 914 1883 discant,
936 1810 978 1871 ita

54 1902 173 1963 celeriter
185 1923 235 1962 res
248 1902 473 1961 innumerabiles
493 1902 632 1980 arripiant
650 1908 685 1961 ut
703 1922 751 1961 eas
771 1922 831 1961 non
844 1908 908 1961 tum
920 1903 978 1981 pri·

53 2010 120 2053 uum
132 1994 266 2072 accipere
275 1993 436 2066 videantur,
447 1993 499 2053 sed
510 1994 656 2053 reminisci
665 2000 696 2054 et
709 1993 860 2055 recordari.
894 1994 978 2054 Haec

53 2085 172 2148 l'lstonis
185 2087 312 2175 feres

81 2179 189 2240 XXII.
211 2179 260 2240 79.
282 2175 372 2257 Apud
388 2177 615 2257 Xenophontem
630 2184 728 2237 autern
742 2176 867 2236 moriens
882 2177 978 2257 Cyrus

52 2367 495 2430 Hisdoetrinessreobscurelylrnown,
528 2369 634 2416 Socrates
650 2369 739 2430 shortly
756 2369 835 2419 before
852 2370 889 2417 bis
908 2369 978 2418 doeth

52 2432 153 2484 tahon
163 2435 224 2482 such
232 2448 341 2496 passages
352 2448 378 2479 se
385 2432 451 2479 these
461 2448 497 2480 we
527 2433 655 2480 discourses
674 2449 706 2481 on
722 2433 763 2481 the
780 2433 932 2497 immortality
953 2433 981 2482 oi

51 2499 124 2547 ahsa
133 2500 187 2546 that
198 2499 257 2560 they
267 2512 327 2544 were
337 2497 419 2559 purely
429 2497 496 2558 spiri·
527 2498 569 2544 the
579 2496 639 2545 soul.
964 2505 966 2509 ’

51 2563 152 2620 toabmd
159 2566 225 2610 must
232 2562 291 2608 have
297 2560 356 2609 been
363 2561 465 2621 opposed
471 2567 497 2607 to
559 2561 611 2607 The
621 2565 751 2622 argument,
763 2561 840 2608 which
850 2560 946 2617 follows,
957 2562 978 2609 is

51 2624 85 2674 the
100 2627 206 2674 mstaisl
221 2625 319 2672 notione
335 2624 412 2671 which
427 2625 496 2673 make
527 2639 542 2672 a
558 2624 616 2671 kind
632 2625 660 2672 ol
673 2626 842 2686 expositiones
855 2640 978 2687 spasssge

51 2690 127 2750 mise
142 2691 261 2738 existence
277 2688 304 2736 oi
316 2689 410 2735 natione
425 2703 496 2749 gene·
527 2689 552 2735 in
562 2689 604 2735 the
615 2689 725 2736 Phaedon
741 2689 769 2736 of
782 2689 856 2745 Plato,
871 2689 978 2736 auditis
1003 2740 1006 2746 ,

51 2753 109 2817 rsty.
125 2753 292 2802 Thedoctrine
301 2752 352 2798 that
359 2752 400 2799 the
407 2752 496 2800 human
527 2753 666 2812 expounded
690 2757 715 2799 at
738 2758 829 2813 greater
849 2753 931 2814 length
952 2753 978 2799 in

51 2817 164 2866 'fimus'
187 2832 235 2864 was
259 2831 275 2863 s
295 2817 388 2877 portion
410 2816 437 2863 oi
454 2816 497 2863 the
527 2817 568 2863 the
579 2816 701 2864 Somnium
713 2817 834 2878 Scipionis,
843 2816 978 2863 andinthe

51 2882 159 2930 drussi
168 2881 325 2942 intelligeres,
336 2879 363 2927 of
372 2879 432 2936 God,
449 2895 496 2928 was
526 2879 672 2927 Tmealsnae
680 2880 834 2932 Qnsestiones
853 2880 869 2926 i.
879 2882 917 2930 23.
927 2880 977 2940 27).

51 2934 161 3008 nhily
186 2944 294 2993 received
319 2944 345 2991 in
370 2944 495 3005 antiquity.
558 2945 637 3000 Esset,
643 2959 717 3005 nepae
723 2944 831 3006 haberet]
882 2943 978 2991 earitics

51 3008 258 3071 haeoedingtothe
265 3007 445 3069 Pythagoream,
457 3008 498 3055 the
528 3005 762 3068 havegivsnvarious
769 3005 978 3054 reasonsforthese

51 3070 497 3138 nal(degip)wasaportionolaether,
528 3076 614 3119 tenses.
648 3072 715 3119 Icsn
725 3073 856 3132 givenmm.

51 3136 226 3194 umnam,
240 3135 340 3183 for-that
350 3135 410 3182 from
422 3136 496 3183 which
559 3139 597 3184 22.
614 3137 689 3197 Apud
699 3131 892 3195 Xenophontem]
926 3133 979 3182 The

51 3198 127 3248 issu
144 3201 218 3249 tskeu
233 3214 282 3246 was
295 3200 413 3247 imm0rtal
427 3199 496 3263 (Dio-
527 3214 623 3261 passage
638 3200 659 3246 is
674 3199 699 3246 in
714 3199 756 3246 the
769 3198 815 3245 last
824 3197 887 3245 bools
897 3197 924 3244 of
937 3198 978 3246 tba

52 3264 214 3324 mlum.
226 3262 295 3326 viii).
527 3263 671 3325 Cyropaedis
683 3263 740 3325 (viii.
752 3260 788 3325 7),
804 3261 979 3309 suditwillbe

80 3328 192 3377 &vdes
218 3341 330 3389 coprem
354 3328 418 3375 citae
443 3327 493 3391 dte]
527 3327 636 3376 ausehrl
651 3326 754 3375 exercise
768 3325 806 3375 ior
820 3339 840 3374 a
849 3325 983 3374 stuheutta

52 3388 128 3439 (Xeno
141 3392 231 3440 alludet
247 3396 271 3436 to
288 3391 454 3455 theDislogue
471 3393 499 3442 of
528 3389 1002 3444 mmeuuowutntnremmmme

49 3452 495 3515 mulledtbefhsadondnwhieb
529 3461 624 3527 Greek,
646 3461 700 3514 aud
717 3466 747 3512 to
770 3472 888 3524 tempere
903 3455 933 3506 'a
952 3451 1022 3502 man
