<?xml version="1.0" encoding="UTF-8"?>
<!DOCTYPE html PUBLIC "-//W3C//DTD XHTML 1.0 Transitional//EN"
    "http://www.w3.org/TR/xhtml1/DTD/xhtml1-transitional.dtd">
<html xmlns="http://www.w3.org/1999/xhtml" xml:lang="en" lang="en">
 <head>
  <title>
</title>
<meta http-equiv="Content-Type" content="text/html;charset=utf-8" />
  <meta name='ocr-system' content='tesseract 3.04.00' />
  <meta name='ocr-capabilities' content='ocr_page ocr_carea ocr_par ocr_line ocrx_word'/>
</head>
<body>
  <div class='ocr_page' id='page_1' title='image "./mtulliiciceroni51cicegoog/mtulliiciceroni51cicegoog_0288.png"; bbox 0 0 2174 3764; ppageno 0'>
   <div class='ocr_carea' id='block_1_1' title="bbox 256 174 998 238">
    <p class='ocr_par' dir='ltr' id='par_1_1' title="bbox 256 174 998 238">
     <span class='ocr_line' id='line_1_1' title="bbox 256 174 998 238; baseline 0 -4"><span class='ocrx_word' id='word_1_1' title='bbox 256 174 554 238; x_wconf 73' lang='lat' dir='ltr'>amsuoannum</span> <span class='ocrx_word' id='word_1_2' title='bbox 574 175 693 238; x_wconf 79' lang='lat' dir='ltr'><strong>LIBRI</strong></span> <span class='ocrx_word' id='word_1_3' title='bbox 712 174 812 236; x_wconf 88' lang='lat' dir='ltr'><strong>DUO.</strong></span> <span class='ocrx_word' id='word_1_4' title='bbox 940 179 998 235; x_wconf 78' lang='lat'>245</span> 
     </span>
    </p>
   </div>
   <div class='ocr_carea' id='block_1_2' title="bbox 10 332 1000 2154">
    <p class='ocr_par' dir='ltr' id='par_1_2' title="bbox 10 332 1000 2154">
     <span class='ocr_line' id='line_1_2' title="bbox 65 332 1000 412; baseline 0.002 -21"><span class='ocrx_word' id='word_1_5' title='bbox 65 332 192 392; x_wconf 78' lang='lat' dir='ltr'>Tantum</span> <span class='ocrx_word' id='word_1_6' title='bbox 205 333 325 392; x_wconf 87' lang='lat' dir='ltr'>accessit</span> <span class='ocrx_word' id='word_1_7' title='bbox 334 339 370 392; x_wconf 90' lang='lat' dir='ltr'>ut</span> <span class='ocrx_word' id='word_1_8' title='bbox 383 332 454 392; x_wconf 88' lang='lat' dir='ltr'>mihi</span> <span class='ocrx_word' id='word_1_9' title='bbox 466 353 545 393; x_wconf 93' lang='lat' dir='ltr'>nunc</span> <span class='ocrx_word' id='word_1_10' title='bbox 556 333 678 412; x_wconf 89' lang='lat' dir='ltr'>denique</span> <span class='ocrx_word' id='word_1_11' title='bbox 692 354 787 393; x_wconf 88' lang='lat' dir='ltr'>amare</span> <span class='ocrx_word' id='word_1_12' title='bbox 796 332 902 408; x_wconf 85' lang='lat' dir='ltr'>videar,</span> <span class='ocrx_word' id='word_1_13' title='bbox 914 334 1000 393; x_wconf 87' lang='lat' dir='ltr'>antea</span> 
     </span>
     <span class='ocr_line' id='line_1_3' title="bbox 65 424 1000 504; baseline 0.002 -22"><span class='ocrx_word' id='word_1_14' title='bbox 65 425 206 483; x_wconf 79' lang='lat' dir='ltr'>dilexisse.</span> <span class='ocrx_word' id='word_1_15' title='bbox 248 425 345 499; x_wconf 75' lang='lat' dir='ltr'>Quare</span> <span class='ocrx_word' id='word_1_16' title='bbox 358 425 486 504; x_wconf 89' lang='lat' dir='ltr'>quidest</span> <span class='ocrx_word' id='word_1_17' title='bbox 499 425 576 504; x_wconf 92' lang='lat' dir='ltr'>quod</span> <span class='ocrx_word' id='word_1_18' title='bbox 590 445 644 503; x_wconf 89' lang='lat' dir='ltr'>ego</span> <span class='ocrx_word' id='word_1_19' title='bbox 656 431 688 485; x_wconf 92' lang='lat' dir='ltr'>te</span> <span class='ocrx_word' id='word_1_20' title='bbox 702 427 801 484; x_wconf 86' lang='lat' dir='ltr'>horter</span> <span class='ocrx_word' id='word_1_21' title='bbox 813 430 849 484; x_wconf 93' lang='lat' dir='ltr'>ut</span> <span class='ocrx_word' id='word_1_22' title='bbox 863 424 1000 503; x_wconf 71' lang='lat' dir='ltr'>dignitati</span> 
     </span>
     <span class='ocr_line' id='line_1_4' title="bbox 65 517 999 596; baseline 0.002 -22"><span class='ocrx_word' id='word_1_23' title='bbox 65 523 95 575; x_wconf 91' lang='lat' dir='ltr'>et</span> <span class='ocrx_word' id='word_1_24' title='bbox 108 517 216 594; x_wconf 90' lang='lat' dir='ltr'>gloriae</span> <span class='ocrx_word' id='word_1_25' title='bbox 230 517 334 575; x_wconf 84' lang='lat' dir='ltr'>servias</span> <span class='ocrx_word' id='word_1_26' title='bbox 345 517 358 576; x_wconf 79' lang='grc' dir='ltr'>Ρ</span> <span class='ocrx_word' id='word_1_27' title='bbox 371 536 529 596; x_wconf 89' lang='lat' dir='ltr'>proponam</span> <span class='ocrx_word' id='word_1_28' title='bbox 544 517 599 576; x_wconf 86' lang='lat' dir='ltr'>tibi</span> <span class='ocrx_word' id='word_1_29' title='bbox 612 518 704 577; x_wconf 88' lang='lat' dir='ltr'>claros</span> <span class='ocrx_word' id='word_1_30' title='bbox 717 517 802 591; x_wconf 80' lang='lat' dir='ltr'>viros,</span> <span class='ocrx_word' id='word_1_31' title='bbox 816 517 893 596; x_wconf 91' lang='lat' dir='ltr'>quod</span> <span class='ocrx_word' id='word_1_32' title='bbox 905 518 999 576; x_wconf 72' lang='lat' dir='ltr'>facete</span> 
     </span>
     <span class='ocr_line' id='line_1_5' title="bbox 65 607 999 688; baseline 0.004 -22"><span class='ocrx_word' id='word_1_33' title='bbox 65 608 160 667; x_wconf 87' lang='lat' dir='ltr'>solent</span> <span class='ocrx_word' id='word_1_34' title='bbox 179 608 229 685; x_wconf 90' lang='lat' dir='ltr'>qui</span> <span class='ocrx_word' id='word_1_35' title='bbox 247 607 425 673; x_wconf 73' lang='lat' dir='ltr'>hortantur?</span> <span class='ocrx_word' id='word_1_36' title='bbox 465 608 621 667; x_wconf 88' lang='lat' dir='ltr'>Neminem</span> <span class='ocrx_word' id='word_1_37' title='bbox 641 609 733 668; x_wconf 88' lang='lat' dir='ltr'>habeo</span> <span class='ocrx_word' id='word_1_38' title='bbox 753 609 899 668; x_wconf 87' lang='lat' dir='ltr'>clariorem</span> <span class='ocrx_word' id='word_1_39' title='bbox 913 629 999 688; x_wconf 92' lang='lat' dir='ltr'>quam</span> 
     </span>
     <span class='ocr_line' id='line_1_6' title="bbox 64 699 998 780; baseline 0.004 -23"><span class='ocrx_word' id='word_1_40' title='bbox 64 704 95 757; x_wconf 91' lang='lat' dir='ltr'>te</span> <span class='ocrx_word' id='word_1_41' title='bbox 115 699 221 778; x_wconf 87' lang='lat' dir='ltr'>ipsum.</span> <span class='ocrx_word' id='word_1_42' title='bbox 261 700 302 758; x_wconf 74' lang='lat' dir='ltr'>Te</span> <span class='ocrx_word' id='word_1_43' title='bbox 321 699 434 758; x_wconf 78' lang='lat' dir='ltr'>imitere</span> <span class='ocrx_word' id='word_1_44' title='bbox 454 705 589 779; x_wconf 87' lang='lat' dir='ltr'>oportet:</span> <span class='ocrx_word' id='word_1_45' title='bbox 609 705 707 760; x_wconf 92' lang='lat' dir='ltr'>tecum</span> <span class='ocrx_word' id='word_1_46' title='bbox 725 700 788 780; x_wconf 88' lang='lat' dir='ltr'>ipse</span> <span class='ocrx_word' id='word_1_47' title='bbox 808 707 909 760; x_wconf 77' lang='lat' dir='ltr'>certes.</span> <span class='ocrx_word' id='word_1_48' title='bbox 949 702 998 761; x_wconf 85' lang='lat' dir='ltr'>Ne</span> 
     </span>
     <span class='ocr_line' id='line_1_7' title="bbox 10 790 998 869; baseline 0.003 -20"><span class='ocrx_word' id='word_1_49' title='bbox 10 834 12 839; x_wconf 81' lang='lat'>·</span> <span class='ocrx_word' id='word_1_50' title='bbox 63 790 132 850; x_wconf 91' lang='lat' dir='ltr'>licet</span> <span class='ocrx_word' id='word_1_51' title='bbox 146 790 261 868; x_wconf 91' lang='lat' dir='ltr'>quidem</span> <span class='ocrx_word' id='word_1_52' title='bbox 274 790 329 849; x_wconf 86' lang='lat' dir='ltr'>tibi</span> <span class='ocrx_word' id='word_1_53' title='bbox 338 791 398 869; x_wconf 93' lang='lat' dir='ltr'>jam</span> <span class='ocrx_word' id='word_1_54' title='bbox 411 791 503 849; x_wconf 90' lang='lat' dir='ltr'>tantis</span> <span class='ocrx_word' id='word_1_55' title='bbox 523 790 612 850; x_wconf 79' lang='lat' dir='ltr'>rebus</span> <span class='ocrx_word' id='word_1_56' title='bbox 630 792 719 868; x_wconf 88' lang='lat' dir='ltr'>gestis</span> <span class='ocrx_word' id='word_1_57' title='bbox 740 812 801 851; x_wconf 93' lang='lat' dir='ltr'>non</span> <span class='ocrx_word' id='word_1_58' title='bbox 817 792 864 850; x_wconf 89' lang='lat' dir='ltr'>tui</span> <span class='ocrx_word' id='word_1_59' title='bbox 876 792 998 852; x_wconf 76' lang='lat' dir='ltr'>similem</span> 
     </span>
     <span class='ocr_line' id='line_1_8' title="bbox 64 881 998 960; baseline 0.003 -19"><span class='ocrx_word' id='word_1_60' title='bbox 64 902 136 942; x_wconf 86' lang='lat' dir='ltr'>esse.</span> <span class='ocrx_word' id='word_1_61' title='bbox 179 881 266 957; x_wconf 75' lang='lat' dir='ltr'>Quod</span> <span class='ocrx_word' id='word_1_62' title='bbox 284 902 372 960; x_wconf 91' lang='lat' dir='ltr'>quum</span> <span class='ocrx_word' id='word_1_63' title='bbox 395 882 438 941; x_wconf 89' lang='lat' dir='ltr'>ita</span> <span class='ocrx_word' id='word_1_64' title='bbox 459 883 506 956; x_wconf 90' lang='lat' dir='ltr'>sit,</span> <span class='ocrx_word' id='word_1_65' title='bbox 524 883 651 943; x_wconf 84' lang='lat' dir='ltr'>hortatio</span> <span class='ocrx_word' id='word_1_66' title='bbox 674 902 735 942; x_wconf 90' lang='lat' dir='ltr'>non</span> <span class='ocrx_word' id='word_1_67' title='bbox 756 889 802 943; x_wconf 92' lang='lat' dir='ltr'>est</span> <span class='ocrx_word' id='word_1_68' title='bbox 821 885 998 958; x_wconf 89' lang='lat' dir='ltr'>necessaria;</span> 
     </span>
     <span class='ocr_line' id='line_1_9' title="bbox 63 973 999 1054; baseline 0.005 -23"><span class='ocrx_word' id='word_1_69' title='bbox 63 975 258 1052; x_wconf 57' lang='lat' dir='ltr'>manatione</span> <span class='ocrx_word' id='word_1_70' title='bbox 271 973 362 1051; x_wconf 87' lang='lat' dir='ltr'>magis</span> <span class='ocrx_word' id='word_1_71' title='bbox 376 974 518 1033; x_wconf 92' lang='lat' dir='ltr'>utendum</span> <span class='ocrx_word' id='word_1_72' title='bbox 531 980 585 1033; x_wconf 90' lang='lat' dir='ltr'>est.</span> <span class='ocrx_word' id='word_1_73' title='bbox 614 974 748 1052; x_wconf 81' lang='lat' dir='ltr'>Contigit</span> <span class='ocrx_word' id='word_1_74' title='bbox 761 975 838 1034; x_wconf 88' lang='lat' dir='ltr'>enim</span> <span class='ocrx_word' id='word_1_75' title='bbox 848 975 912 1049; x_wconf 88' lang='lat' dir='ltr'>tibi,</span> <span class='ocrx_word' id='word_1_76' title='bbox 921 977 999 1054; x_wconf 91' lang='lat' dir='ltr'>quod</span> 
     </span>
     <span class='ocr_line' id='line_1_10' title="bbox 63 1065 998 1138; baseline 0.001 -12"><span class='ocrx_word' id='word_1_77' title='bbox 63 1066 142 1126; x_wconf 89' lang='lat' dir='ltr'>haud</span> <span class='ocrx_word' id='word_1_78' title='bbox 155 1066 214 1125; x_wconf 89' lang='lat' dir='ltr'>scio</span> <span class='ocrx_word' id='word_1_79' title='bbox 228 1086 266 1124; x_wconf 92' lang='lat' dir='ltr'>an</span> <span class='ocrx_word' id='word_1_80' title='bbox 279 1065 396 1138; x_wconf 87' lang='lat' dir='ltr'>nemini,</span> <span class='ocrx_word' id='word_1_81' title='bbox 409 1071 445 1124; x_wconf 90' lang='lat' dir='ltr'>ut</span> <span class='ocrx_word' id='word_1_82' title='bbox 458 1085 570 1125; x_wconf 84' lang='lat' dir='ltr'>summa</span> <span class='ocrx_word' id='word_1_83' title='bbox 587 1066 724 1125; x_wconf 84' lang='lat' dir='ltr'>severitas</span> <span class='ocrx_word' id='word_1_84' title='bbox 744 1066 998 1127; x_wconf 85' lang='lat' dir='ltr'>animadversionis</span> 
     </span>
     <span class='ocr_line' id='line_1_11' title="bbox 63 1157 1000 1238; baseline 0 -20"><span class='ocrx_word' id='word_1_85' title='bbox 63 1169 123 1218; x_wconf 89' lang='lat' dir='ltr'>non</span> <span class='ocrx_word' id='word_1_86' title='bbox 133 1158 219 1217; x_wconf 90' lang='lat' dir='ltr'>modo</span> <span class='ocrx_word' id='word_1_87' title='bbox 228 1178 289 1216; x_wconf 92' lang='lat' dir='ltr'>non</span> <span class='ocrx_word' id='word_1_88' title='bbox 298 1157 438 1217; x_wconf 81' lang='lat' dir='ltr'>invidiosa</span> <span class='ocrx_word' id='word_1_89' title='bbox 452 1158 502 1217; x_wconf 93' lang='lat' dir='ltr'>sed</span> <span class='ocrx_word' id='word_1_90' title='bbox 512 1157 600 1216; x_wconf 87' lang='lat' dir='ltr'>etiam</span> <span class='ocrx_word' id='word_1_91' title='bbox 609 1157 756 1238; x_wconf 80' lang='lat' dir='ltr'>populan‘s</span> <span class='ocrx_word' id='word_1_92' title='bbox 770 1162 856 1230; x_wconf 87' lang='lat' dir='ltr'>esset,</span> <span class='ocrx_word' id='word_1_93' title='bbox 867 1165 897 1217; x_wconf 90' lang='lat' dir='ltr'>et</span> <span class='ocrx_word' id='word_1_94' title='bbox 908 1179 1000 1236; x_wconf 91' lang='lat' dir='ltr'>quum</span> 
     </span>
     <span class='ocr_line' id='line_1_12' title="bbox 17 1248 998 1326; baseline -0.002 -16"><span class='ocrx_word' id='word_1_95' title='bbox 17 1278 21 1289; x_wconf 81' lang='grc'>·</span> <span class='ocrx_word' id='word_1_96' title='bbox 62 1250 147 1310; x_wconf 89' lang='lat' dir='ltr'>bonis</span> <span class='ocrx_word' id='word_1_97' title='bbox 161 1249 294 1308; x_wconf 87' lang='lat' dir='ltr'>omnibus</span> <span class='ocrx_word' id='word_1_98' title='bbox 307 1254 370 1308; x_wconf 91' lang='lat' dir='ltr'>tum</span> <span class='ocrx_word' id='word_1_99' title='bbox 383 1249 483 1308; x_wconf 89' lang='lat' dir='ltr'>infimo</span> <span class='ocrx_word' id='word_1_100' title='bbox 497 1248 600 1326; x_wconf 90' lang='lat' dir='ltr'>cuique</span> <span class='ocrx_word' id='word_1_101' title='bbox 613 1249 784 1326; x_wconf 87' lang='lat' dir='ltr'>gratissima.</span> <span class='ocrx_word' id='word_1_102' title='bbox 822 1250 890 1308; x_wconf 90' lang='lat' dir='ltr'>Hoc</span> <span class='ocrx_word' id='word_1_103' title='bbox 904 1249 998 1309; x_wconf 87' lang='lat' dir='ltr'>sitibi</span> 
     </span>
     <span class='ocr_line' id='line_1_13' title="bbox 62 1340 998 1420; baseline 0 -20"><span class='ocrx_word' id='word_1_104' title='bbox 62 1342 182 1402; x_wconf 86' lang='lat' dir='ltr'>fortuna</span> <span class='ocrx_word' id='word_1_105' title='bbox 195 1341 317 1420; x_wconf 86' lang='lat' dir='ltr'>quadam</span> <span class='ocrx_word' id='word_1_106' title='bbox 330 1340 509 1417; x_wconf 81' lang='lat' dir='ltr'>contigisset,</span> <span class='ocrx_word' id='word_1_107' title='bbox 523 1341 683 1418; x_wconf 84' lang='lat' dir='ltr'>gratularer</span> <span class='ocrx_word' id='word_1_108' title='bbox 693 1341 827 1399; x_wconf 79' lang='lat' dir='ltr'>felicitati</span> <span class='ocrx_word' id='word_1_109' title='bbox 839 1346 924 1400; x_wconf 87' lang='lat' dir='ltr'>tuae:</span> <span class='ocrx_word' id='word_1_110' title='bbox 946 1341 998 1409; x_wconf 87' lang='lat' dir='ltr'>sed</span> 
     </span>
     <span class='ocr_line' id='line_1_14' title="bbox 62 1431 998 1511; baseline 0 -19"><span class='ocrx_word' id='word_1_111' title='bbox 62 1432 188 1510; x_wconf 88' lang='lat' dir='ltr'>contigit</span> <span class='ocrx_word' id='word_1_112' title='bbox 201 1432 400 1509; x_wconf 83' lang='lat' dir='ltr'>magnitudine</span> <span class='ocrx_word' id='word_1_113' title='bbox 412 1452 502 1510; x_wconf 89' lang='lat' dir='ltr'>quum</span> <span class='ocrx_word' id='word_1_114' title='bbox 515 1431 603 1490; x_wconf 90' lang='lat' dir='ltr'>animi</span> <span class='ocrx_word' id='word_1_115' title='bbox 612 1438 678 1491; x_wconf 92' lang='lat' dir='ltr'>tum</span> <span class='ocrx_word' id='word_1_116' title='bbox 691 1432 778 1491; x_wconf 88' lang='lat' dir='ltr'>etiam</span> <span class='ocrx_word' id='word_1_117' title='bbox 790 1432 901 1509; x_wconf 91' lang='lat' dir='ltr'>ingenii</span> <span class='ocrx_word' id='word_1_118' title='bbox 910 1438 998 1511; x_wconf 87' lang='lat' dir='ltr'>atque</span> 
     </span>
     <span class='ocr_line' id='line_1_15' title="bbox 62 1522 998 1603; baseline -0.002 -19"><span class='ocrx_word' id='word_1_119' title='bbox 62 1524 184 1584; x_wconf 89' lang='lat' dir='ltr'>consilii.</span> <span class='ocrx_word' id='word_1_120' title='bbox 225 1523 298 1600; x_wconf 88' lang='lat' dir='ltr'>Legi</span> <span class='ocrx_word' id='word_1_121' title='bbox 312 1523 389 1583; x_wconf 90' lang='lat' dir='ltr'>enim</span> <span class='ocrx_word' id='word_1_122' title='bbox 409 1523 572 1582; x_wconf 90' lang='lat' dir='ltr'>contionem</span> <span class='ocrx_word' id='word_1_123' title='bbox 591 1528 681 1582; x_wconf 80' lang='lat' dir='ltr'>tuam.</span> <span class='ocrx_word' id='word_1_124' title='bbox 722 1522 806 1581; x_wconf 91' lang='lat' dir='ltr'>Nihil</span> <span class='ocrx_word' id='word_1_125' title='bbox 818 1523 868 1582; x_wconf 89' lang='lat' dir='ltr'>illa</span> <span class='ocrx_word' id='word_1_126' title='bbox 887 1523 998 1603; x_wconf 89' lang='lat' dir='ltr'>sapien·</span> 
     </span>
     <span class='ocr_line' id='line_1_16' title="bbox 61 1613 999 1693; baseline 0 -17"><span class='ocrx_word' id='word_1_127' title='bbox 61 1617 132 1676; x_wconf 85' lang='lat' dir='ltr'>tius.</span> <span class='ocrx_word' id='word_1_128' title='bbox 173 1616 223 1675; x_wconf 85' lang='lat' dir='ltr'>Ita</span> <span class='ocrx_word' id='word_1_129' title='bbox 241 1615 420 1693; x_wconf 88' lang='lat' dir='ltr'>pedetentim</span> <span class='ocrx_word' id='word_1_130' title='bbox 441 1620 472 1673; x_wconf 89' lang='lat' dir='ltr'>et</span> <span class='ocrx_word' id='word_1_131' title='bbox 493 1613 634 1691; x_wconf 82' lang='lat' dir='ltr'>gradatim</span> <span class='ocrx_word' id='word_1_132' title='bbox 647 1620 712 1673; x_wconf 89' lang='lat' dir='ltr'>tum</span> <span class='ocrx_word' id='word_1_133' title='bbox 733 1634 865 1673; x_wconf 83' lang='lat' dir='ltr'>accessus</span> <span class='ocrx_word' id='word_1_134' title='bbox 884 1622 947 1674; x_wconf 90' lang='lat' dir='ltr'>ate</span> <span class='ocrx_word' id='word_1_135' title='bbox 961 1615 999 1676; x_wconf 90' lang='lat' dir='ltr'>ad</span> 
     </span>
     <span class='ocr_line' id='line_1_17' title="bbox 61 1705 999 1785; baseline 0 -17"><span class='ocrx_word' id='word_1_136' title='bbox 61 1727 179 1768; x_wconf 85' lang='lat' dir='ltr'>causam</span> <span class='ocrx_word' id='word_1_137' title='bbox 196 1706 274 1778; x_wconf 89' lang='lat' dir='ltr'>facti,</span> <span class='ocrx_word' id='word_1_138' title='bbox 288 1711 353 1765; x_wconf 90' lang='lat' dir='ltr'>tum</span> <span class='ocrx_word' id='word_1_139' title='bbox 370 1726 509 1779; x_wconf 81' lang='lat' dir='ltr'>recessus,</span> <span class='ocrx_word' id='word_1_140' title='bbox 522 1711 559 1764; x_wconf 92' lang='lat' dir='ltr'>ut</span> <span class='ocrx_word' id='word_1_141' title='bbox 577 1726 624 1765; x_wconf 88' lang='lat' dir='ltr'>res</span> <span class='ocrx_word' id='word_1_142' title='bbox 642 1705 706 1785; x_wconf 89' lang='lat' dir='ltr'>ipsa</span> <span class='ocrx_word' id='word_1_143' title='bbox 725 1705 923 1765; x_wconf 88' lang='lat' dir='ltr'>maturitatem</span> <span class='ocrx_word' id='word_1_144' title='bbox 943 1707 999 1768; x_wconf 84' lang='lat' dir='ltr'>tibi</span> 
     </span>
     <span class='ocr_line' id='line_1_18' title="bbox 61 1797 999 1877; baseline -0.001 -18"><span class='ocrx_word' id='word_1_145' title='bbox 61 1797 309 1859; x_wconf 86' lang='lat' dir='ltr'>animadvertendi</span> <span class='ocrx_word' id='word_1_146' title='bbox 322 1798 451 1857; x_wconf 92' lang='lat' dir='ltr'>omnium</span> <span class='ocrx_word' id='word_1_147' title='bbox 465 1816 602 1856; x_wconf 89' lang='lat' dir='ltr'>concessu</span> <span class='ocrx_word' id='word_1_148' title='bbox 619 1798 708 1858; x_wconf 86' lang='lat' dir='ltr'>daret.</span> <span class='ocrx_word' id='word_1_149' title='bbox 737 1797 895 1858; x_wconf 65' lang='lat' dir='ltr'>‘Liberasti</span> <span class='ocrx_word' id='word_1_150' title='bbox 907 1799 999 1877; x_wconf 88' lang='lat' dir='ltr'>igitur</span> 
     </span>
     <span class='ocr_line' id='line_1_19' title="bbox 61 1889 998 1970; baseline 0.001 -20"><span class='ocrx_word' id='word_1_151' title='bbox 61 1899 93 1950; x_wconf 90' lang='lat' dir='ltr'>et</span> <span class='ocrx_word' id='word_1_152' title='bbox 112 1891 214 1950; x_wconf 90' lang='lat' dir='ltr'>urbem</span> <span class='ocrx_word' id='word_1_153' title='bbox 234 1891 361 1970; x_wconf 90' lang='lat' dir='ltr'>periculo</span> <span class='ocrx_word' id='word_1_154' title='bbox 384 1896 415 1949; x_wconf 89' lang='lat' dir='ltr'>et</span> <span class='ocrx_word' id='word_1_155' title='bbox 436 1889 582 1948; x_wconf 85' lang='lat' dir='ltr'>civitatem</span> <span class='ocrx_word' id='word_1_156' title='bbox 605 1895 706 1962; x_wconf 91' lang='lat' dir='ltr'>metu;</span> <span class='ocrx_word' id='word_1_157' title='bbox 732 1909 826 1968; x_wconf 92' lang='lat' dir='ltr'>neque</span> <span class='ocrx_word' id='word_1_158' title='bbox 846 1891 940 1949; x_wconf 89' lang='lat' dir='ltr'>solum</span> <span class='ocrx_word' id='word_1_159' title='bbox 960 1891 998 1951; x_wconf 90' lang='lat' dir='ltr'>ad</span> 
     </span>
     <span class='ocr_line' id='line_1_20' title="bbox 60 1980 996 2063; baseline -0.002 -20"><span class='ocrx_word' id='word_1_160' title='bbox 60 1989 178 2063; x_wconf 87' lang='lat' dir='ltr'>tempus</span> <span class='ocrx_word' id='word_1_161' title='bbox 192 1983 343 2041; x_wconf 88' lang='lat' dir='ltr'>maximam</span> <span class='ocrx_word' id='word_1_162' title='bbox 356 1981 513 2040; x_wconf 88' lang='lat' dir='ltr'>utilitatem</span> <span class='ocrx_word' id='word_1_163' title='bbox 533 1981 660 2040; x_wconf 88' lang='lat' dir='ltr'>attulisti</span> <span class='ocrx_word' id='word_1_164' title='bbox 678 1980 729 2040; x_wconf 91' lang='lat' dir='ltr'>sed</span> <span class='ocrx_word' id='word_1_165' title='bbox 750 1981 838 2040; x_wconf 85' lang='lat' dir='ltr'>etiam</span> <span class='ocrx_word' id='word_1_166' title='bbox 851 1981 888 2041; x_wconf 92' lang='lat' dir='ltr'>ad</span> <span class='ocrx_word' id='word_1_167' title='bbox 901 2002 996 2041; x_wconf 85' lang='lat' dir='ltr'>exem·</span> 
     </span>
     <span class='ocr_line' id='line_1_21' title="bbox 60 2072 998 2154; baseline 0 -21"><span class='ocrx_word' id='word_1_168' title='bbox 60 2075 151 2154; x_wconf 89' lang='lat' dir='ltr'>plum.</span> <span class='ocrx_word' id='word_1_169' title='bbox 187 2074 253 2149; x_wconf 76' lang='lat' dir='ltr'>Quo</span> <span class='ocrx_word' id='word_1_170' title='bbox 266 2074 344 2131; x_wconf 85' lang='lat' dir='ltr'>facto</span> <span class='ocrx_word' id='word_1_171' title='bbox 356 2072 518 2149; x_wconf 90' lang='lat' dir='ltr'>intelligere</span> <span class='ocrx_word' id='word_1_172' title='bbox 533 2072 619 2132; x_wconf 90' lang='lat' dir='ltr'>debes</span> <span class='ocrx_word' id='word_1_173' title='bbox 632 2073 665 2131; x_wconf 90' lang='lat' dir='ltr'>in</span> <span class='ocrx_word' id='word_1_174' title='bbox 677 2079 709 2132; x_wconf 87' lang='lat' dir='ltr'>te</span> <span class='ocrx_word' id='word_1_175' title='bbox 721 2073 846 2151; x_wconf 88' lang='lat' dir='ltr'>positam</span> <span class='ocrx_word' id='word_1_176' title='bbox 860 2093 924 2132; x_wconf 89' lang='lat' dir='ltr'>esse</span> <span class='ocrx_word' id='word_1_177' title='bbox 936 2094 998 2133; x_wconf 89' lang='lat' dir='ltr'>rem</span> 
     </span>
    </p>
   </div>
   <div class='ocr_carea' id='block_1_3' title="bbox 59 2163 998 2427">
    <p class='ocr_par' dir='ltr' id='par_1_3' title="bbox 59 2163 998 2427">
     <span class='ocr_line' id='line_1_22' title="bbox 59 2163 998 2245; baseline 0.001 -21"><span class='ocrx_word' id='word_1_178' title='bbox 59 2164 214 2245; x_wconf 81' lang='lat' dir='ltr'>publicam,</span> <span class='ocrx_word' id='word_1_179' title='bbox 228 2164 339 2242; x_wconf 91' lang='lat' dir='ltr'>tibique</span> <span class='ocrx_word' id='word_1_180' title='bbox 357 2184 416 2222; x_wconf 93' lang='lat' dir='ltr'>non</span> <span class='ocrx_word' id='word_1_181' title='bbox 429 2163 514 2223; x_wconf 91' lang='lat' dir='ltr'>modo</span> <span class='ocrx_word' id='word_1_182' title='bbox 531 2164 666 2237; x_wconf 90' lang='lat' dir='ltr'>tuendos,</span> <span class='ocrx_word' id='word_1_183' title='bbox 681 2165 731 2224; x_wconf 90' lang='lat' dir='ltr'>sed</span> <span class='ocrx_word' id='word_1_184' title='bbox 752 2165 840 2224; x_wconf 91' lang='lat' dir='ltr'>etiam</span> <span class='ocrx_word' id='word_1_185' title='bbox 853 2166 998 2225; x_wconf 87' lang='lat' dir='ltr'>ornandos</span> 
     </span>
     <span class='ocr_line' id='line_1_23' title="bbox 60 2254 995 2335; baseline 0 -19"><span class='ocrx_word' id='word_1_186' title='bbox 60 2277 125 2316; x_wconf 87' lang='lat' dir='ltr'>esse</span> <span class='ocrx_word' id='word_1_187' title='bbox 142 2256 207 2314; x_wconf 90' lang='lat' dir='ltr'>illos</span> <span class='ocrx_word' id='word_1_188' title='bbox 220 2255 305 2328; x_wconf 86' lang='lat' dir='ltr'>viros,</span> <span class='ocrx_word' id='word_1_189' title='bbox 318 2275 336 2314; x_wconf 90' lang='lat' dir='ltr'>a</span> <span class='ocrx_word' id='word_1_190' title='bbox 350 2255 453 2333; x_wconf 90' lang='lat' dir='ltr'>quibus</span> <span class='ocrx_word' id='word_1_191' title='bbox 471 2254 588 2314; x_wconf 89' lang='lat' dir='ltr'>initium</span> <span class='ocrx_word' id='word_1_192' title='bbox 602 2255 746 2314; x_wconf 90' lang='lat' dir='ltr'>libertatis</span> <span class='ocrx_word' id='word_1_193' title='bbox 764 2257 926 2335; x_wconf 85' lang='lat' dir='ltr'>profectum</span> <span class='ocrx_word' id='word_1_194' title='bbox 941 2263 995 2316; x_wconf 91' lang='lat' dir='ltr'>est.</span> 
     </span>
     <span class='ocr_line' id='line_1_24' title="bbox 60 2346 998 2427; baseline 0.001 -19"><span class='ocrx_word' id='word_1_195' title='bbox 60 2348 119 2408; x_wconf 83' lang='lat' dir='ltr'>Sed</span> <span class='ocrx_word' id='word_1_196' title='bbox 132 2347 178 2406; x_wconf 89' lang='lat' dir='ltr'>his</span> <span class='ocrx_word' id='word_1_197' title='bbox 195 2347 231 2406; x_wconf 93' lang='lat' dir='ltr'>de</span> <span class='ocrx_word' id='word_1_198' title='bbox 250 2347 337 2406; x_wconf 88' lang='lat' dir='ltr'>rebus</span> <span class='ocrx_word' id='word_1_199' title='bbox 357 2366 454 2405; x_wconf 87' lang='lat' dir='ltr'>coram</span> <span class='ocrx_word' id='word_1_200' title='bbox 470 2346 555 2425; x_wconf 85' lang='lat' dir='ltr'>plura</span> <span class='ocrx_word' id='word_1_201' title='bbox 575 2346 750 2426; x_wconf 89' lang='lat' dir='ltr'>propediem,</span> <span class='ocrx_word' id='word_1_202' title='bbox 762 2353 799 2407; x_wconf 89' lang='lat' dir='ltr'>ut</span> <span class='ocrx_word' id='word_1_203' title='bbox 819 2369 911 2427; x_wconf 87' lang='lat' dir='ltr'>spere.</span> <span class='ocrx_word' id='word_1_204' title='bbox 952 2350 998 2409; x_wconf 77' lang='lat' dir='ltr'>Tu</span> 
     </span>
    </p>
   </div>
   <div class='ocr_carea' id='block_1_4' title="bbox 60 2486 998 3506">
    <p class='ocr_par' dir='ltr' id='par_1_4' title="bbox 60 2486 998 3506">
     <span class='ocr_line' id='line_1_25' title="bbox 93 2486 998 2552; baseline 0.003 -16"><span class='ocrx_word' id='word_1_205' title='bbox 93 2486 357 2548; x_wconf 74' lang='lat' dir='ltr'>Fortuna-felicitati]</span> <span class='ocrx_word' id='word_1_206' title='bbox 389 2487 514 2534; x_wconf 87' lang='lat' dir='ltr'>Thiacon·</span> <span class='ocrx_word' id='word_1_207' title='bbox 545 2487 657 2548; x_wconf 84' lang='lat' dir='ltr'>irregular</span> <span class='ocrx_word' id='word_1_208' title='bbox 683 2494 817 2536; x_wconf 88' lang='lat' dir='ltr'>mcvement</span> <span class='ocrx_word' id='word_1_209' title='bbox 845 2489 928 2552; x_wconf 85' lang='lat' dir='ltr'>(iacti),</span> <span class='ocrx_word' id='word_1_210' title='bbox 951 2490 998 2539; x_wconf 87' lang='lat' dir='ltr'>and</span> 
     </span>
     <span class='ocr_line' id='line_1_26' title="bbox 60 2551 998 2602; baseline 0.003 -3"><span class='ocrx_word' id='word_1_211' title='bbox 60 2553 127 2600; x_wconf 85' lang='lat' dir='ltr'>firme</span> <span class='ocrx_word' id='word_1_212' title='bbox 143 2553 207 2599; x_wconf 82' lang='lat' dir='ltr'>what</span> <span class='ocrx_word' id='word_1_213' title='bbox 223 2552 265 2598; x_wconf 81' lang='lat' dir='ltr'>has</span> <span class='ocrx_word' id='word_1_214' title='bbox 284 2552 344 2598; x_wconf 88' lang='lat' dir='ltr'>been</span> <span class='ocrx_word' id='word_1_215' title='bbox 361 2551 411 2598; x_wconf 89' lang='lat' dir='ltr'>said</span> <span class='ocrx_word' id='word_1_216' title='bbox 427 2552 453 2597; x_wconf 93' lang='lat' dir='ltr'>in</span> <span class='ocrx_word' id='word_1_217' title='bbox 471 2565 513 2597; x_wconf 87' lang='lat' dir='ltr'>an·</span> <span class='ocrx_word' id='word_1_218' title='bbox 546 2552 603 2598; x_wconf 90' lang='lat' dir='ltr'>then</span> <span class='ocrx_word' id='word_1_219' title='bbox 621 2552 681 2598; x_wconf 83' lang='lat' dir='ltr'>from</span> <span class='ocrx_word' id='word_1_220' title='bbox 699 2553 740 2600; x_wconf 89' lang='lat' dir='ltr'>the</span> <span class='ocrx_word' id='word_1_221' title='bbox 757 2568 825 2600; x_wconf 87' lang='lat' dir='ltr'>eausa</span> <span class='ocrx_word' id='word_1_222' title='bbox 841 2554 924 2601; x_wconf 88' lang='lat' dir='ltr'>moved</span> <span class='ocrx_word' id='word_1_223' title='bbox 938 2555 998 2602; x_wconf 85' lang='lat' dir='ltr'>back</span> 
     </span>
     <span class='ocr_line' id='line_1_27' title="bbox 60 2614 998 2680; baseline 0.003 -17"><span class='ocrx_word' id='word_1_224' title='bbox 60 2617 130 2664; x_wconf 85' lang='lat' dir='ltr'>other</span> <span class='ocrx_word' id='word_1_225' title='bbox 146 2617 212 2678; x_wconf 85' lang='lat' dir='ltr'>place</span> <span class='ocrx_word' id='word_1_226' title='bbox 231 2615 279 2678; x_wconf 92' lang='lat' dir='ltr'>(De</span> <span class='ocrx_word' id='word_1_227' title='bbox 296 2615 350 2662; x_wconf 78' lang='lat' dir='ltr'>Am.</span> <span class='ocrx_word' id='word_1_228' title='bbox 370 2631 390 2661; x_wconf 88' lang='lat' dir='ltr'>c.</span> <span class='ocrx_word' id='word_1_229' title='bbox 404 2614 444 2676; x_wconf 83' lang='lat'>10)</span> <span class='ocrx_word' id='word_1_230' title='bbox 461 2615 515 2662; x_wconf 79' lang='lat' dir='ltr'>that</span> <span class='ocrx_word' id='word_1_231' title='bbox 545 2621 571 2661; x_wconf 90' lang='lat' dir='ltr'>to</span> <span class='ocrx_word' id='word_1_232' title='bbox 593 2616 633 2662; x_wconf 89' lang='lat' dir='ltr'>the</span> <span class='ocrx_word' id='word_1_233' title='bbox 655 2631 771 2664; x_wconf 82' lang='lat' dir='ltr'>messuras</span> <span class='ocrx_word' id='word_1_234' title='bbox 792 2623 818 2664; x_wconf 92' lang='lat' dir='ltr'>to</span> <span class='ocrx_word' id='word_1_235' title='bbox 839 2617 870 2665; x_wconf 87' lang='lat' dir='ltr'>be</span> <span class='ocrx_word' id='word_1_236' title='bbox 896 2619 998 2680; x_wconf 81' lang='lat' dir='ltr'>adopted</span> 
     </span>
     <span class='ocr_line' id='line_1_28' title="bbox 62 2677 998 2740; baseline 0.003 -13"><span class='ocrx_word' id='word_1_237' title='bbox 62 2679 302 2740; x_wconf 82' lang='lat' dir='ltr'>‘felicitas’is‘gocd</span> <span class='ocrx_word' id='word_1_238' title='bbox 315 2677 425 2735; x_wconf 84' lang='lat' dir='ltr'>fortune,&#39;</span> <span class='ocrx_word' id='word_1_239' title='bbox 438 2678 513 2739; x_wconf 82' lang='lat' dir='ltr'>‘good</span> <span class='ocrx_word' id='word_1_240' title='bbox 545 2680 605 2736; x_wconf 82' lang='lat' dir='ltr'>that,</span> <span class='ocrx_word' id='word_1_241' title='bbox 628 2683 671 2726; x_wconf 79' lang='lat' dir='ltr'>&amp;a</span> <span class='ocrx_word' id='word_1_242' title='bbox 703 2681 762 2728; x_wconf 87' lang='lat' dir='ltr'>This</span> <span class='ocrx_word' id='word_1_243' title='bbox 779 2682 799 2728; x_wconf 91' lang='lat' dir='ltr'>is</span> <span class='ocrx_word' id='word_1_244' title='bbox 818 2697 863 2729; x_wconf 89' lang='lat' dir='ltr'>one</span> <span class='ocrx_word' id='word_1_245' title='bbox 884 2683 911 2729; x_wconf 85' lang='lat' dir='ltr'>of</span> <span class='ocrx_word' id='word_1_246' title='bbox 929 2684 998 2730; x_wconf 90' lang='lat' dir='ltr'>those</span> 
     </span>
     <span class='ocr_line' id='line_1_29' title="bbox 61 2744 998 2794; baseline 0.002 -3"><span class='ocrx_word' id='word_1_247' title='bbox 61 2744 132 2792; x_wconf 68' lang='lat' dir='ltr'>lucis!</span> <span class='ocrx_word' id='word_1_248' title='bbox 546 2749 667 2790; x_wconf 83' lang='lat' dir='ltr'>sentences</span> <span class='ocrx_word' id='word_1_249' title='bbox 677 2744 754 2791; x_wconf 84' lang='lat' dir='ltr'>which</span> <span class='ocrx_word' id='word_1_250' title='bbox 769 2746 838 2792; x_wconf 85' lang='lat' dir='ltr'>make</span> <span class='ocrx_word' id='word_1_251' title='bbox 851 2761 879 2792; x_wconf 87' lang='lat' dir='ltr'>us</span> <span class='ocrx_word' id='word_1_252' title='bbox 895 2746 941 2792; x_wconf 80' lang='lat' dir='ltr'>feel</span> <span class='ocrx_word' id='word_1_253' title='bbox 957 2748 998 2794; x_wconf 88' lang='lat' dir='ltr'>the</span> 
     </span>
     <span class='ocr_line' id='line_1_30' title="bbox 67 2806 998 2870; baseline 0.002 -14"><span class='ocrx_word' id='word_1_254' title='bbox 67 2855 68 2860; x_wconf 72' lang='grc'>,</span> <span class='ocrx_word' id='word_1_255' title='bbox 96 2806 245 2867; x_wconf 71' lang='lat' dir='ltr'>Contionem]</span> <span class='ocrx_word' id='word_1_256' title='bbox 279 2806 420 2863; x_wconf 87' lang='lat' dir='ltr'>Thisword,</span> <span class='ocrx_word' id='word_1_257' title='bbox 438 2806 514 2852; x_wconf 91' lang='lat' dir='ltr'>which</span> <span class='ocrx_word' id='word_1_258' title='bbox 545 2813 650 2864; x_wconf 66' lang='lat' dir='ltr'>extrem</span> <span class='ocrx_word' id='word_1_259' title='bbox 666 2808 779 2870; x_wconf 84' lang='lat' dir='ltr'>difficulty</span> <span class='ocrx_word' id='word_1_260' title='bbox 793 2810 869 2856; x_wconf 82' lang='lat' dir='ltr'>which</span> <span class='ocrx_word' id='word_1_261' title='bbox 886 2825 920 2856; x_wconf 89' lang='lat' dir='ltr'>we</span> <span class='ocrx_word' id='word_1_262' title='bbox 933 2810 998 2858; x_wconf 79' lang='lat' dir='ltr'>osten</span> 
     </span>
     <span class='ocr_line' id='line_1_31' title="bbox 61 2870 997 2934; baseline 0.002 -15"><span class='ocrx_word' id='word_1_263' title='bbox 61 2887 144 2919; x_wconf 86' lang='lat' dir='ltr'>means</span> <span class='ocrx_word' id='word_1_264' title='bbox 159 2887 174 2917; x_wconf 94' lang='lat' dir='ltr'>a</span> <span class='ocrx_word' id='word_1_265' title='bbox 190 2871 293 2931; x_wconf 85' lang='lat' dir='ltr'>maeting</span> <span class='ocrx_word' id='word_1_266' title='bbox 308 2870 346 2917; x_wconf 79' lang='lat' dir='ltr'>icr</span> <span class='ocrx_word' id='word_1_267' title='bbox 360 2885 425 2917; x_wconf 91' lang='lat' dir='ltr'>some</span> <span class='ocrx_word' id='word_1_268' title='bbox 435 2870 515 2931; x_wconf 87' lang='lat' dir='ltr'>public</span> <span class='ocrx_word' id='word_1_269' title='bbox 545 2870 612 2927; x_wconf 85' lang='lat' dir='ltr'>have,</span> <span class='ocrx_word' id='word_1_270' title='bbox 620 2872 645 2918; x_wconf 89' lang='lat' dir='ltr'>in</span> <span class='ocrx_word' id='word_1_271' title='bbox 656 2873 780 2932; x_wconf 84' lang='lat' dir='ltr'>rendering</span> <span class='ocrx_word' id='word_1_272' title='bbox 790 2873 815 2918; x_wconf 94' lang='lat' dir='ltr'>in</span> <span class='ocrx_word' id='word_1_273' title='bbox 826 2874 914 2934; x_wconf 88' lang='lat' dir='ltr'>precise</span> <span class='ocrx_word' id='word_1_274' title='bbox 925 2879 997 2922; x_wconf 85' lang='lat' dir='ltr'>terma</span> 
     </span>
     <span class='ocr_line' id='line_1_32' title="bbox 62 2934 997 2996; baseline 0.002 -13"><span class='ocrx_word' id='word_1_275' title='bbox 62 2937 179 2991; x_wconf 87' lang='lat' dir='ltr'>business,</span> <span class='ocrx_word' id='word_1_276' title='bbox 200 2935 226 2981; x_wconf 93' lang='lat' dir='ltr'>in</span> <span class='ocrx_word' id='word_1_277' title='bbox 247 2934 322 2981; x_wconf 83' lang='lat' dir='ltr'>which</span> <span class='ocrx_word' id='word_1_278' title='bbox 348 2934 389 2981; x_wconf 89' lang='lat' dir='ltr'>the</span> <span class='ocrx_word' id='word_1_279' title='bbox 413 2935 515 2994; x_wconf 83' lang='lat' dir='ltr'>meeting</span> <span class='ocrx_word' id='word_1_280' title='bbox 545 2935 587 2981; x_wconf 84' lang='lat' dir='ltr'>the</span> <span class='ocrx_word' id='word_1_281' title='bbox 609 2936 799 2996; x_wconf 84' lang='lat' dir='ltr'>comprehensive</span> <span class='ocrx_word' id='word_1_282' title='bbox 819 2937 892 2984; x_wconf 90' lang='lat' dir='ltr'>forms</span> <span class='ocrx_word' id='word_1_283' title='bbox 913 2938 941 2984; x_wconf 86' lang='lat' dir='ltr'>of</span> <span class='ocrx_word' id='word_1_284' title='bbox 957 2953 997 2985; x_wconf 87' lang='lat' dir='ltr'>ex·</span> 
     </span>
     <span class='ocr_line' id='line_1_33' title="bbox 61 2997 998 3061; baseline 0.002 -14"><span class='ocrx_word' id='word_1_285' title='bbox 61 2997 244 3047; x_wconf 84' lang='lat' dir='ltr'>waaaddressed</span> <span class='ocrx_word' id='word_1_286' title='bbox 261 2998 316 3058; x_wconf 82' lang='lat' dir='ltr'>hya</span> <span class='ocrx_word' id='word_1_287' title='bbox 332 2998 436 3059; x_wconf 83' lang='lat' dir='ltr'>speaker,</span> <span class='ocrx_word' id='word_1_288' title='bbox 450 3013 515 3045; x_wconf 86' lang='lat' dir='ltr'>came</span> <span class='ocrx_word' id='word_1_289' title='bbox 545 3000 650 3061; x_wconf 87' lang='lat' dir='ltr'>pression</span> <span class='ocrx_word' id='word_1_290' title='bbox 667 3000 742 3046; x_wconf 89' lang='lat' dir='ltr'>which</span> <span class='ocrx_word' id='word_1_291' title='bbox 754 2999 834 3047; x_wconf 86' lang='lat' dir='ltr'>Cicero</span> <span class='ocrx_word' id='word_1_292' title='bbox 851 3015 913 3048; x_wconf 87' lang='lat' dir='ltr'>uses.</span> <span class='ocrx_word' id='word_1_293' title='bbox 945 3002 998 3049; x_wconf 79' lang='lat' dir='ltr'>The</span> 
     </span>
     <span class='ocr_line' id='line_1_34' title="bbox 61 3061 997 3125; baseline 0.002 -14"><span class='ocrx_word' id='word_1_294' title='bbox 61 3061 301 3125; x_wconf 80' lang='lat' dir='ltr'>byusetosignitya</span> <span class='ocrx_word' id='word_1_295' title='bbox 315 3062 400 3124; x_wconf 88' lang='lat' dir='ltr'>speech</span> <span class='ocrx_word' id='word_1_296' title='bbox 412 3061 515 3108; x_wconf 81' lang='lat' dir='ltr'>madeto</span> <span class='ocrx_word' id='word_1_297' title='bbox 546 3063 644 3109; x_wconf 78' lang='lat' dir='ltr'>formos</span> <span class='ocrx_word' id='word_1_298' title='bbox 657 3064 742 3124; x_wconf 85' lang='lat' dir='ltr'>speech</span> <span class='ocrx_word' id='word_1_299' title='bbox 757 3064 778 3110; x_wconf 86' lang='lat' dir='ltr'>is</span> <span class='ocrx_word' id='word_1_300' title='bbox 793 3079 808 3109; x_wconf 94' lang='lat' dir='ltr'>a</span> <span class='ocrx_word' id='word_1_301' title='bbox 823 3066 997 3125; x_wconf 83' lang='lat' dir='ltr'>metaphorde·</span> 
     </span>
     <span class='ocr_line' id='line_1_35' title="bbox 62 3126 997 3189; baseline 0.002 -14"><span class='ocrx_word' id='word_1_302' title='bbox 62 3127 120 3175; x_wconf 85' lang='lat' dir='ltr'>such</span> <span class='ocrx_word' id='word_1_303' title='bbox 131 3126 243 3186; x_wconf 83' lang='lat' dir='ltr'>maeting.</span> <span class='ocrx_word' id='word_1_304' title='bbox 546 3126 610 3173; x_wconf 85' lang='lat' dir='ltr'>rived</span> <span class='ocrx_word' id='word_1_305' title='bbox 628 3126 689 3173; x_wconf 82' lang='lat' dir='ltr'>from</span> <span class='ocrx_word' id='word_1_306' title='bbox 705 3127 825 3189; x_wconf 82' lang='lat' dir='ltr'>attacking</span> <span class='ocrx_word' id='word_1_307' title='bbox 840 3129 887 3175; x_wconf 85' lang='lat' dir='ltr'>and</span> <span class='ocrx_word' id='word_1_308' title='bbox 900 3135 997 3177; x_wconf 78' lang='lat' dir='ltr'>retreat·</span> 
     </span>
     <span class='ocr_line' id='line_1_36' title="bbox 65 3189 998 3254; baseline 0.002 -16"><span class='ocrx_word' id='word_1_309' title='bbox 65 3214 67 3218; x_wconf 49' lang='lat'><em>⁴</em></span> <span class='ocrx_word' id='word_1_310' title='bbox 93 3193 218 3244; x_wconf 71' lang='lat' dir='ltr'>Accersas,</span> <span class='ocrx_word' id='word_1_311' title='bbox 237 3189 292 3250; x_wconf 74' lang='lat' dir='ltr'>dcc]</span> <span class='ocrx_word' id='word_1_312' title='bbox 335 3189 457 3236; x_wconf 88' lang='lat' dir='ltr'>Manutius</span> <span class='ocrx_word' id='word_1_313' title='bbox 475 3203 515 3235; x_wconf 85' lang='lat' dir='ltr'>ex·</span> <span class='ocrx_word' id='word_1_314' title='bbox 546 3191 594 3252; x_wconf 82' lang='lat' dir='ltr'>ing,</span> <span class='ocrx_word' id='word_1_315' title='bbox 617 3189 661 3237; x_wconf 90' lang='lat' dir='ltr'>but</span> <span class='ocrx_word' id='word_1_316' title='bbox 686 3191 728 3238; x_wconf 86' lang='lat' dir='ltr'>the</span> <span class='ocrx_word' id='word_1_317' title='bbox 753 3198 821 3239; x_wconf 81' lang='lat' dir='ltr'>exact</span> <span class='ocrx_word' id='word_1_318' title='bbox 847 3193 956 3254; x_wconf 84' lang='lat' dir='ltr'>meaning</span> <span class='ocrx_word' id='word_1_319' title='bbox 977 3195 998 3240; x_wconf 89' lang='lat' dir='ltr'>is</span> 
     </span>
     <span class='ocr_line' id='line_1_37' title="bbox 61 3252 663 3316; baseline -0.002 -14"><span class='ocrx_word' id='word_1_320' title='bbox 61 3255 139 3316; x_wconf 80' lang='lat' dir='ltr'>plains</span> <span class='ocrx_word' id='word_1_321' title='bbox 157 3254 212 3309; x_wconf 90' lang='lat' dir='ltr'>this,</span> <span class='ocrx_word' id='word_1_322' title='bbox 232 3253 332 3313; x_wconf 90' lang='lat' dir='ltr'>perhaps</span> <span class='ocrx_word' id='word_1_323' title='bbox 346 3253 474 3314; x_wconf 52' lang='lat' dir='ltr'>cuneatim</span> <span class='ocrx_word' id='word_1_324' title='bbox 490 3252 515 3298; x_wconf 93' lang='lat' dir='ltr'>in</span> <span class='ocrx_word' id='word_1_325' title='bbox 547 3254 663 3301; x_wconf 81' lang='lat' dir='ltr'>doubtful.</span> 
     </span>
     <span class='ocr_line' id='line_1_38' title="bbox 61 3316 998 3381; baseline 0.002 -15"><span class='ocrx_word' id='word_1_326' title='bbox 61 3333 121 3381; x_wconf 84' lang='lat' dir='ltr'>your</span> <span class='ocrx_word' id='word_1_327' title='bbox 147 3319 267 3377; x_wconf 85' lang='lat' dir='ltr'>harangue</span> <span class='ocrx_word' id='word_1_328' title='bbox 294 3331 341 3378; x_wconf 83' lang='lat' dir='ltr'>you</span> <span class='ocrx_word' id='word_1_329' title='bbox 368 3316 515 3377; x_wconf 85' lang='lat' dir='ltr'>approached</span> <span class='ocrx_word' id='word_1_330' title='bbox 577 3317 727 3379; x_wconf 62' lang='lat' dir='ltr'>Macareo]</span> <span class='ocrx_word' id='word_1_331' title='bbox 746 3318 782 3365; x_wconf 91' lang='lat' dir='ltr'>M.</span> <span class='ocrx_word' id='word_1_332' title='bbox 791 3319 886 3375; x_wconf 87' lang='lat' dir='ltr'>Brutus,</span> <span class='ocrx_word' id='word_1_333' title='bbox 896 3320 998 3376; x_wconf 75' lang='lat' dir='ltr'>casius,</span> 
     </span>
     <span class='ocr_line' id='line_1_39' title="bbox 62 3380 963 3443; baseline -0.006 -13"><span class='ocrx_word' id='word_1_334' title='bbox 62 3382 120 3430; x_wconf 86' lang='lat' dir='ltr'>with</span> <span class='ocrx_word' id='word_1_335' title='bbox 137 3381 195 3428; x_wconf 87' lang='lat' dir='ltr'>such</span> <span class='ocrx_word' id='word_1_336' title='bbox 211 3380 292 3442; x_wconf 82' lang='lat' dir='ltr'>steady</span> <span class='ocrx_word' id='word_1_337' title='bbox 302 3380 348 3426; x_wconf 92' lang='lat' dir='ltr'>and</span> <span class='ocrx_word' id='word_1_338' title='bbox 361 3381 453 3441; x_wconf 85' lang='lat' dir='ltr'>regular</span> <span class='ocrx_word' id='word_1_339' title='bbox 464 3385 515 3443; x_wconf 87' lang='lat' dir='ltr'>step</span> <span class='ocrx_word' id='word_1_340' title='bbox 547 3381 597 3430; x_wconf 80' lang='lat' dir='ltr'>and</span> <span class='ocrx_word' id='word_1_341' title='bbox 605 3381 689 3430; x_wconf 70' lang='lat' dir='ltr'>others</span> <span class='ocrx_word' id='word_1_342' title='bbox 697 3383 963 3442; x_wconf 54' lang='lat' dir='ltr'>uithaeonsu‘xrusum</span> 
     </span>
     <span class='ocr_line' id='line_1_40' title="bbox 60 3444 522 3506; baseline 0.004 -12"><span class='ocrx_word' id='word_1_343' title='bbox 60 3445 160 3494; x_wconf 72' lang='lat' dir='ltr'>towards</span> <span class='ocrx_word' id='word_1_344' title='bbox 175 3444 282 3506; x_wconf 82' lang='lat' dir='ltr'>showing</span> <span class='ocrx_word' id='word_1_345' title='bbox 291 3444 334 3492; x_wconf 85' lang='lat' dir='ltr'>the</span> <span class='ocrx_word' id='word_1_346' title='bbox 344 3459 415 3494; x_wconf 85' lang='lat' dir='ltr'>cause</span> <span class='ocrx_word' id='word_1_347' title='bbox 428 3444 457 3494; x_wconf 79' lang='lat' dir='ltr'>ci</span> <span class='ocrx_word' id='word_1_348' title='bbox 470 3445 522 3496; x_wconf 82' lang='lat' dir='ltr'>this</span> 
     </span>
    </p>
   </div>
   <div class='ocr_carea' id='block_1_5' title="bbox 0 0 1092 3764">
    <p class='ocr_par' dir='ltr' id='par_1_5' title="bbox 0 0 1092 3764">
     <span class='ocr_line' id='line_1_41' title="bbox 0 0 1092 3764; baseline 0 0"><span class='ocrx_word' id='word_1_349' title='bbox 0 0 1092 3764; x_wconf 95' lang='lat' dir='ltr'> </span> 
     </span>
    </p>
   </div>
  </div>
 </body>
</html>
