2174 3764
256 175 315 234 AD
337 175 539 251 QUINTUM
559 174 767 235 FRATREM.
919 181 976 238 151

40 340 95 395 ant
114 354 150 393 ex
167 333 336 394 necessariis
356 334 584 414 apparitionibus
596 339 694 393 tecum
712 354 776 394 esse
788 334 914 409 voluisti,
928 339 978 414 qui

41 426 128 506 qnasi
147 447 183 486 ex
204 427 323 486 cohorte
345 428 485 505 praetoris
508 427 646 506 appellari
667 427 769 500 solent,
790 428 893 486 hornm
917 450 978 489 non

41 519 129 578 modo
142 519 222 578 facta
235 518 286 578 sed
301 519 388 578 etiam
406 519 484 578 diota
501 519 598 578 omnia
615 520 787 597 praestando
799 520 884 579 nobis
898 526 976 580 sunt.

43 612 100 672 Sed
112 612 204 671 hahes
217 631 267 671 eos
279 616 376 672 tecum
386 632 458 688 quos
470 611 563 690 possis
576 615 656 670 recte
668 611 808 671 facientes
821 612 905 672 facile
915 613 976 672 dili·

43 723 128 782 gere3
146 704 245 762 minus
258 704 443 763 consulentes
456 702 663 764 existimationi
672 707 741 762 tuae
753 703 887 763 facillime
900 724 976 765 coer·

44 815 126 868 cere3
149 795 293 874 aquibus
315 795 395 854 rudis
419 815 509 873 quum
535 814 613 854 esses
634 793 749 853 videtur
771 795 901 873 potuisse
924 803 977 861 tna

43 886 198 946 hheralitas
213 886 321 965 decipi:
341 907 409 945 nam
422 891 457 944 nt
471 886 592 965 quisque
605 892 651 944 est
663 885 707 944 vir
720 887 856 965 optimus,
867 887 909 947 ita
923 889 975 947 dif-

45 979 166 1039 ficillime
180 999 245 1038 esse
258 978 328 1038 ulios
342 977 487 1056 improbos
500 978 680 1057 auspicatam:
700 998 779 1037 nunc
789 998 857 1037 vero
870 980 976 1040 tertius

45 1069 89 1130 hio
109 1091 205 1130 annus
222 1070 328 1130 habeat
345 1069 543 1148 integritatem
563 1069 683 1128 eandem
702 1091 787 1148 qnam
805 1072 974 1149 superiores,
1002 1078 1004 1082 ’

47 1163 200 1222 santionem
220 1161 307 1221 etiam
327 1182 360 1221 ac
380 1162 600 1239 diligentiorem.
641 1165 688 1221 13.
714 1163 779 1220 Sint
800 1182 884 1221 aures
906 1169 975 1224 tuae

48 1272 113 1331 qnae
122 1254 153 1314 id
163 1254 242 1333 quod
252 1253 375 1313 audiunt
385 1253 588 1312 existimentur
597 1252 704 1325 audire,
715 1274 774 1313 non
785 1253 815 1311 in
827 1274 897 1331 quas
906 1255 974 1314 ficte

49 1350 75 1403 et
87 1346 219 1405 simulate
232 1351 369 1424 quaestus
387 1365 473 1404 causa
485 1344 693 1403 insusurretnr.
728 1346 772 1404 Sit
786 1346 890 1403 anulus
903 1351 974 1407 tuus

49 1455 102 1497 non
116 1442 152 1497 nt
164 1459 216 1497 vas
238 1437 352 1515 aliquod
374 1436 425 1495 sed
443 1441 590 1515 tamquam
609 1436 672 1515 ipse
691 1442 743 1510 tn;
763 1457 824 1496 non
841 1437 974 1497 minister

51 1527 148 1590 dionae
157 1528 318 1588 voluntatis
331 1528 383 1588 sed
391 1528 477 1587 testis
486 1534 564 1587 tuae.
591 1528 740 1588 Ascensus
755 1529 793 1587 sit
804 1549 837 1587 eo
851 1550 972 1590 numero

51 1638 99 1696 quo
117 1640 184 1682 eum
205 1620 328 1700 majores
349 1619 444 1679 nostri
464 1640 527 1679 esse
540 1619 704 1693 voluerunt,
719 1620 769 1699 qui
786 1621 840 1679 hoc
861 1641 922 1680 non
940 1621 973 1682 in

51 1708 170 1772 mneficii
185 1712 251 1771 loco
273 1711 324 1771 sed
343 1711 376 1770 in
394 1711 500 1771 laboris
522 1732 554 1770 ac
574 1712 703 1771 muneris
721 1733 782 1771 non
794 1718 902 1772 temere
915 1714 972 1773 nisi

51 1798 148 1864 lbsrtis
171 1804 233 1864 suis
256 1802 440 1876 deferebant3
467 1803 573 1882 quibus
596 1804 639 1862 illi
662 1805 777 1883 quidem
798 1825 858 1863 non
878 1807 971 1865 multo

52 1911 121 1957 totus
134 1917 167 1958 ac
180 1894 270 1957 servis
283 1895 472 1974 imperabant.
513 1895 558 1954 Sit
570 1895 655 1955 lictor
668 1917 730 1956 non
744 1917 813 1956 suae
834 1898 885 1956 sed
903 1903 972 1958 tuae

52 1982 165 2049 bnans
188 1988 353 2068 apparitor3
383 1988 547 2067 majoraque
573 1989 738 2067 praeferant
760 1990 851 2050 fasces
875 1991 917 2048 illi
938 2011 971 2051 ac

54 2095 151 2141 mures
164 2080 317 2159 dignitatis
330 2079 456 2157 insignia
469 2101 555 2158 quam
567 2081 730 2160 potestatis.
771 2082 839 2142 Toti
849 2082 970 2161 denique

54 2240 125 2290 tothe
143 2257 268 2304 governor,
289 2242 342 2291 who
368 2256 429 2290 were
446 2242 488 2289 the
550 2243 656 2304 Aratu]
691 2243 754 2290 Thm
773 2242 800 2302 is,
822 2244 863 2290 the
882 2245 929 2291 seal
946 2244 973 2292 of

55 2304 169 2365 'multem’
181 2307 225 2354 but
231 2307 288 2368 they
298 2322 337 2353 are
347 2306 403 2353 here
414 2306 487 2352 called
518 2307 560 2353 the
578 2321 699 2367 governor,
716 2307 791 2353 which
808 2308 839 2354 he
853 2311 917 2354 must
927 2313 970 2355 not

55 2366 131 2430 “qnasi
146 2386 177 2419 ex
196 2371 292 2419 cohorte
307 2370 446 2433 praetoris,’'
461 2373 486 2417 to
518 2371 585 2416 allow
604 2377 629 2417 to
647 2371 676 2418 be
692 2372 757 2427 used,
768 2372 816 2418 like
831 2387 970 2419 somecom·

54 2427 121 2483 hate
144 2436 207 2484 their
232 2435 327 2483 inferior
358 2435 486 2483 condition.
517 2450 573 2481 mon
595 2434 688 2481 utensil.
723 2436 747 2482 It
773 2437 793 2482 is
821 2437 970 2497 conjectured

53 2490 92 2544 'lho
110 2498 220 2548 ‘cohors'
242 2499 373 2556 contained,
396 2498 485 2546 besides
517 2500 570 2545 that
587 2499 714 2546 ‘minister’
733 2515 786 2560 may
800 2501 877 2547 allude
888 2506 913 2547 to
924 2516 970 2548 one

53 2559 233 2626 tfifflpemns,
244 2578 324 2625 young
339 2565 443 2611 Romans
462 2563 489 2610 of
519 2563 613 2619 Statius,
632 2578 646 2609 a
663 2563 728 2610 freed
744 2579 799 2610 man
816 2564 844 2611 of
858 2566 968 2623 Quintus,

53 2621 122 2690 tany,
132 2629 187 2676 who
197 2628 308 2675 muded
323 2628 363 2675 the
374 2642 487 2688 governor
517 2628 570 2674 who
587 2641 633 2672 was
655 2627 772 2688 supposed
793 2633 818 2675 to
839 2629 912 2676 abuse
931 2629 968 2676 his

51 2693 212 2740 nrumtoers.
245 2691 328 2752 comp.
341 2692 400 2739 Hor.
412 2692 428 2737 i.
439 2691 484 2752 Ep.
517 2689 623 2738 master’s
638 2691 778 2738 confidence.

51 2748 104 2813 Η,
114 2761 130 2785 “
139 2757 205 2808 Quid
221 2755 325 2803 studiosa
337 2756 419 2804 cohors
430 2769 486 2816 opo·
548 2755 679 2815 Aeaeum]
717 2756 755 2802 He
776 2771 823 2802 was
843 2771 874 2801 an
896 2771 968 2816 appa·

50 2819 199 2869 mahuitffl
516 2818 581 2874 riter,
593 2818 640 2865 and
657 2820 768 2866 attended
784 2819 851 2865 when
871 2819 912 2865 the
926 2834 965 2879 go-

71 2883 155 2946 Mt‘o]
166 2891 178 2905 ’
192 2883 273 2945 Sdpfle
287 2897 407 2944 compares
424 2886 486 2929 ‘non
516 2898 601 2930 cernor
618 2887 653 2928 sat
672 2898 698 2930 as
713 2883 785 2944 judge
799 2887 824 2929 to
835 2883 903 2928 make
914 2897 967 2943 pro-

46 2949 166 3057 winda«)
176 2948 241 2995 rudis
252 2952 302 2995 erat
311 2952 336 2995 et
349 2944 402 2995 tiro'
423 2944 483 3010 (Cic.
517 2947 653 2994 clamations
670 2947 695 2993 in
714 2948 755 2994 the
773 2950 846 3000 court,
865 2946 911 2993 and
927 2947 968 2993 the

62 3012 250 3074 mmcd),
517 3011 572 3058 like.
601 3011 675 3058 Sese.
687 3013 710 3067 4,
722 3012 803 3058 above.
828 3010 966 3057 Asto⁴de-

66 3070 124 3127 ’Μ
133 3075 282 3133 wauton]
308 3075 373 3122 Here
383 3089 418 3121 we
427 3075 486 3120 have
517 3074 638 3132 ferebant,’
651 3090 689 3122 see
700 3075 833 3122 DeAm.o
846 3076 885 3121 20.

10 3136 12 3143 '
45 3139 112 3202 ’με
129 3175 137 3189 .
156 3165 164 3188 ι
184 3174 192 3188 .
214 3137 393 3194 adsumantur:
405 3139 487 3185 witha
549 3137 805 3199 Mojorapraeserant]
827 3137 884 3184 This
893 3152 967 3184 seems

42 3202 112 3255 thus
121 3204 149 3253 ol
161 3204 262 3266 positive
272 3203 419 3259 affirmation,
437 3202 485 3248 “id
517 3206 542 3250 to
553 3218 628 3251 mean.
641 3204 689 3249 ‘let
705 3202 773 3248 those
786 3201 860 3247 fasces
874 3201 920 3247 and
930 3216 967 3248 se-

41 3270 98 3331 qlod
112 3266 231 3319 anunm
245 3267 386 3328 interposed.
419 3267 487 3313 “Lot
518 3281 584 3313 canes
594 3266 624 3312 be
635 3267 675 3312 the
686 3266 776 3326 display
784 3263 809 3310 of
817 3264 968 3326 thesymbols

10 3384 13 3391 ,
38 3333 155 3383 maoch
166 3347 192 3380 ss
203 3330 370 3392 aresnpposed
381 3334 406 3377 to
416 3331 487 3377 listen
518 3331 545 3377 of
558 3330 616 3377 rank
626 3330 704 3376 rather
714 3329 771 3376 than
783 3328 809 3375 of
817 3328 912 3388 power!
936 3328 968 3375 So

10 3402 12 3433 ¹
37 3400 63 3447 to
77 3398 142 3446 what
159 3396 218 3457 they
232 3395 291 3443 haar
308 3394 338 3443 ba
351 3409 430 3456 yonrs,
444 3397 487 3445 not
519 3395 568 3444 Mr.
588 3395 715 3443 Maolcane
734 3393 844 3467 explains
856 3393 884 3438 'rt
895 3390 989 3438 'ruma

33 3460 160 3511 mss'dcc.
212 3488 217 3495 ·
520 3467 579 3511 note
591 3476 626 3510 on
635 3459 904 3510 llor.Carm.'ru.⁴hh.
