2174 3764
122 156 180 214 174
486 157 686 218 EP18TOLA

120 312 234 372 illorum
246 313 304 374 erit
313 315 410 376 verius
417 314 562 398 judicium
577 315 787 375 obtrectatione
805 319 836 375 et
849 315 1036 376 malevolentia
1081 366 1083 390 ι

119 404 280 464 liberatum.
319 412 370 464 44.
388 407 523 484 Denique
542 406 615 466 illud
634 407 721 466 etiam
740 407 826 466 debes
840 408 977 486 cogitare,
988 427 1037 467 non

118 500 150 554 te
173 494 228 554 tibi
249 496 303 555 soli
323 497 444 574 gloriam
466 518 611 577 quaerere,
626 499 702 577 quod
723 498 749 558 si
772 505 859 572 esset,
873 505 972 560 tamen
988 519 1038 559 non

118 586 288 664 negligeres,
297 589 466 666 praesertim
477 609 566 668 quum
579 589 758 668 amplissimis
771 592 970 652 monumentis
982 611 1037 650 con·

119 697 229 737 secrare
242 679 382 739 voluisses
404 681 569 740 memoriam
588 680 713 741 nominis
729 681 791 753 tui;
813 683 866 742 sed
886 703 922 743 ea
938 684 990 744 tibi
1001 688 1038 742 est

119 770 354 830 communicanda
367 792 487 878 mecum,
500 772 647 851 prodenda
663 773 760 832 liberis
779 775 900 834 nostris
941 776 979 835 In
990 794 1038 854 quo

119 864 276 924 cavendum
297 869 342 925 est
359 885 409 939 ne,
429 865 455 925 si
472 866 667 944 negligentior
684 865 780 938 fueris,
799 887 862 926 non
883 869 977 929 solum
993 868 1040 928 tibi
1077 846 1083 953 l

117 975 220 1032 parum
233 956 412 1016 consuluisse
426 957 476 1016 sed
490 963 520 1016 et
507 958 948 1020 tiamtuisinvidissevidearis.
1081 1010 1083 1014 .

157 1047 244 1107 XVI.
265 1051 314 1107 45.
337 1050 434 1127 Atque
447 1050 518 1109 haec
530 1070 591 1109 non
601 1070 635 1109 eo
646 1050 782 1110 dicuntm
791 1054 826 1109 nt
836 1056 869 1110 te
883 1052 976 1112 oratio
985 1071 1039 1112 mea

119 1139 308 1200 dormientem
326 1141 465 1200 excitasse
486 1142 537 1200 sed
553 1141 651 1220 potius
670 1146 706 1201 ut
726 1147 893 1202 currentem
915 1145 1039 1204 incitasse
1079 1146 1082 1171 ²

118 1232 259 1293 videatur.
299 1233 400 1293 Facies
422 1234 499 1293 enim
521 1239 662 1312 perpetuo
685 1254 757 1312 quae
777 1234 882 1308 fecisti,
897 1242 934 1295 ut
951 1254 1039 1296 omnes
1079 1260 1083 1301 ;

118 1327 292 1405 aequitatem
315 1332 405 1400 tuam,
432 1327 660 1405 temperantiam,
686 1325 877 1400 severitatem,
899 1327 1039 1406 integrita·
1081 1382 1083 1387 .

117 1423 234 1498 temque
246 1419 374 1478 laudent.
416 1418 473 1478 sed
492 1437 538 1476 me
558 1417 696 1496 quaedam
714 1422 797 1476 tenet
816 1424 941 1496 propter
953 1420 1039 1497 singu·

116 1512 206 1571 larem
220 1531 344 1571 amorem
364 1510 478 1570 infinita
496 1509 528 1568 in
548 1513 580 1568 te
598 1509 718 1568 aviditas
731 1507 855 1586 gloriae:
876 1530 1040 1590 quamquam
1081 1568 1083 1595 Ι

117 1603 191 1662 illud
203 1603 345 1674 existimo,
359 1623 449 1681 quum
464 1602 525 1682 jam
544 1601 599 1660 tibi
616 1600 689 1660 Asia
712 1600 787 1659 siout
802 1601 856 1659 uni
874 1603 980 1682 cuique
996 1622 1040 1663 sau
1081 1600 1083 1663 ἷ

118 1695 219 1754 domus
239 1700 310 1754 nota
331 1714 395 1753 esse
418 1693 528 1765 debeat,
551 1712 639 1770 quum
660 1691 697 1751 ad
719 1697 801 1751 tuam
821 1713 965 1754 summam
981 1713 1039 1774 pru·

117 1786 245 1845 dentiam
257 1792 358 1845 tantus
372 1805 443 1846 usus
457 1785 615 1856 accesserit,
629 1785 703 1843 nihil
715 1804 778 1843 esse
791 1784 869 1862 quod
882 1786 920 1844 ad
935 1787 1039 1846 landem

117 1879 240 1938 attineat
260 1879 337 1957 quod
356 1899 416 1938 non
435 1884 470 1936 tu
488 1877 595 1956 optime
613 1877 767 1956 perspicias
784 1882 815 1935 et
833 1878 890 1936 tibi
908 1899 970 1939 non
986 1879 1039 1939 aine

118 1971 286 2050 cujusquam
308 1970 472 2030 hortatione
493 1969 525 2028 in
545 1974 672 2027 mentem
692 1969 788 2028 veniat
811 1971 951 2047 quotidie.
991 1969 1040 2030 Sed

117 2082 170 2140 ego
194 2063 251 2141 qui,
275 2082 364 2141 quum
384 2067 437 2121 tua
458 2061 539 2139 lego,-
552 2065 583 2118 te
604 2060 710 2133 audire,
732 2066 762 2118 et
786 2061 843 2138 qui,
857 2082 949 2139 quum
968 2063 1040 2122 adte

117 2155 219 2227 scribo,
233 2160 330 2214 tecum
343 2153 422 2232 loqui
435 2153 540 2223 videor,
554 2151 659 2210 idcireo
679 2158 709 2211 et
728 2156 781 2210 tua
798 2153 968 2230 longissima
980 2173 1039 2234 qua·
1081 2156 1083 2173 '

116 2284 158 2330 the
178 2283 309 2343 duplicated
330 2282 435 2340 adverbs,
457 2296 484 2328 or
509 2295 564 2328 con·
596 2281 621 2328 in
637 2281 694 2328 such
708 2284 780 2328 terms
792 2296 818 2328 as
833 2283 912 2330 would
922 2298 991 2332 move
1000 2297 1040 2344 any

115 2347 241 2408 junctione,
263 2361 290 2392 or
310 2347 425 2393 whatever
445 2346 502 2408 they
525 2359 565 2392 aro
595 2360 653 2402 οπως
669 2345 726 2391 then
742 2346 809 2405 again
827 2345 1039 2395 hereoovershim·

117 2410 197 2456 called.
230 2410 281 2456 The
299 2411 381 2457 notion
397 2410 520 2457 contained
539 2410 564 2455 in
595 2409 641 2456 seli
653 2408 852 2456 sofarastoask
867 2415 1041 2459 metooerroct

116 2475 163 2520 this
174 2473 315 2534 duplication
324 2474 344 2520 is
354 2473 381 2521 of
388 2489 403 2519 a
410 2474 564 2534 generalizing
594 2473 640 2519 and
651 2472 744 2534 publish
753 2472 790 2518 his
798 2474 897 2520 andala!
891 2473 907 2496 ”
924 2473 1039 2522 Tbeword

116 2543 213 2593 nature;
237 2537 308 2582 and‘
318 2537 466 2628 quamquam'
484 2551 564 2584 means
596 2535 800 2593 ‘ssmonnmentum
809 2551 837 2583 or
845 2535 1039 2593 ‘monimentum'

117 2571 236 2647 ‘however
253 2600 273 2646 it
287 2615 341 2661 may
356 2600 401 2656 be,'
421 2601 491 2647 ‘take
504 2602 524 2648 it
537 2615 563 2647 as
594 2600 679 2647 trom‘
687 2601 797 2657 mone-fo
813 2616 893 2648 means
908 2618 954 2664 any
965 2572 1038 2650 record

115 2679 163 2726 you
180 2663 244 2717 willl
263 2663 310 2709 and
328 2664 382 2710 ‘the
397 2664 522 2724 judgment
538 2664 565 2713 of
594 2679 622 2710 or
640 2665 767 2712 memorial.
801 2665 882 2727 Siipde
900 2619 1005 2728 explains
1023 2667 1040 2712 it

116 2727 563 2792 posteritywillbethetruerjudgmeut,
594 2728 627 2790 by
636 2729 748 2790 referring
758 2732 784 2775 to
797 2732 809 2786 ξ
821 2732 853 2777 26
864 2731 911 2777 and
922 2730 962 2779 ³1.

116 2793 186 2855 being
197 2791 354 2850 discntangled
365 2790 425 2837 hom
434 2793 465 2838 all
475 2793 563 2838 dehac·
629 2793 666 2840 16.
678 2793 815 2840 Cicrrealem
823 2795 946 2856 incitasse]
960 2795 1039 2857 Apro·

115 2855 332 2905 tionandill-will!
594 2856 682 2903 verbial
702 2857 852 2918 expression,
873 2873 900 2905 es
916 2859 941 2906 iu
964 2861 1040 2908 Cicero

147 2921 306 2982 Amplisaimia
324 2920 515 2966 monumentis-
523 2932 564 2966 ιο·
597 2920 716 2982 (DeOr.''
702 2935 726 2967 ιι.
733 2921 810 2984 44)·
813 2922 999 2970 ‘Faciliuseuim
1007 2929 1040 2970 est

116 2985 209 3046 luisses]
228 2985 285 3031 Thra
293 2983 562 3043 alludesperhapstoan
593 2989 731 3041 currentem,
759 2985 822 3046 quod
849 2987 922 3044 aiunt,
947 2989 1040 3034 inritare

115 3050 233 3096 historical
242 3048 307 3095 work
323 3062 354 3094 on
369 3046 444 3092 which
459 3047 562 3097 Quintus
593 3064 662 3109 quam
690 3063 836 3096 commovere
867 3051 906 3097 lan
906 3049 1039 3111 grrflentem

115 3113 236 3174 employed
248 3112 347 3159 himself.
381 3110 424 3156 See
434 3110 471 3156 Ad
479 3110 552 3157 Αιι
536 3125 560 3156 u.
594 3111 682 3172 Stipite.
715 3111 798 3173 Comp.
809 3114 848 3161 Ad
860 3115 914 3162 D1v
926 3131 964 3162 xv
980 3119 1013 3163 15.

118 3179 154 3224 16
177 3174 470 3236 Thispassagaiscurious.
494 3173 562 3220 Alter
624 3177 812 3238 Inleoaiditas]
832 3179 1009 3240 Siipfletakas‘
1016 3179 1038 3224 iu

115 3241 196 3300 telhng
206 3241 298 3286 Atticus
307 3241 358 3287 that
368 3238 450 3285 hahad
458 3238 561 3284 received
592 3239 623 3285 ιε’
633 3240 751 3287 tobethe
765 3241 873 3299 ablativa,
884 3244 965 3290 lilae‘'
958 3257 1037 3289 mser-

107 3305 211 3352 aletter
228 3304 289 3351 from
313 3304 424 3358 Quintus,
442 3302 473 3349 he
488 3302 558 3348 adds.
591 3304 633 3360 vis,
637 3304 708 3350 ’and
725 3309 751 3350 to
768 3310 860 3352 mean‘
868 3308 962 3370 inyour
973 3304 1037 3362 oase‚'

102 3372 118 3395 ⁴¹
122 3368 172 3430 My
181 3369 280 3419 brother
286 3371 390 3419 lamenta
397 3367 437 3417 his
446 3367 566 3416 residendo
597 3337 672 3415 ‘viith
678 3373 803 3428 respsotto
811 3368 875 3429 pou!

88 3432 113 3478 lu
125 3433 191 3485 Asia
199 3436 228 3484 iu
239 3437 283 3486 the
291 3439 348 3486 first
356 3434 446 3501 partor
454 3433 572 3483 hislattar
