2198 3758
464 204 552 265 OAP.
572 204 646 266 VII.
870 210 873 216 “
979 208 1017 267 87

84 362 232 444 quendam
250 361 345 424 virum
367 362 540 423 carmimbus
564 361 682 422 Graecis
701 360 889 422 vaticinatum
909 361 1016 436 ferunt,

83 474 160 535 quae
171 455 206 514 in
218 476 316 514 rerum
328 460 433 514 natura
445 460 565 532 totoque
584 453 693 513 mundo
709 459 876 513 constarent
888 475 1017 533 quaeque

84 551 281 618 morerentur,
291 565 326 604 ea
338 546 506 606 contrahere
519 545 680 620 amicitiam,
692 545 829 624 dissipare
839 546 1016 607 discordiam.

83 639 186 717 Atque
206 638 263 697 hoc
281 636 397 715 quidem
417 657 516 695 omnes
539 638 674 697 mortales
696 643 727 696 et
747 638 915 715 intelligrmt
936 645 966 698 et
985 659 1017 699 re

82 730 219 808 probant.
260 729 365 807 Itaque
379 728 530 807 siquando
548 728 663 807 aliquod
681 729 806 788 officium
823 730 921 789 extitit
933 731 1018 790 amici

83 822 116 880 in
128 819 265 900 periculis
278 825 330 878 aut
342 819 481 879 adeundis
495 825 547 879 aut
560 820 812 891 communicandis,
826 821 890 898 quis
908 827 953 882 est
967 823 1017 900 qui

82 912 114 972 id
140 932 202 972 non
228 910 359 971 maximis
386 912 487 971 efferat
512 911 670 971 laudibus?
711 910 771 985 Qui
793 911 930 972 clamores
953 918 1018 973 tota

82 1023 170 1064 cavea
192 1022 287 1081 nuper
309 1002 342 1062 in
362 1002 485 1081 hospitis
508 1008 540 1062 et
562 1003 646 1062 amici
669 1002 726 1061 mei
747 1003 791 1062 M.
807 1003 923 1063 Pacuvii
943 1025 1016 1065 nova

81 1095 200 1169 fabula3
219 1113 311 1172 quum
326 1094 480 1177 ignorante
487 1095 576 1173 *Bago
591 1100 658 1153 uter
678 1113 778 1153 eorum
796 1101 873 1153 esset
887 1095 1016 1169 Orestes,

82 1187 209 1266 Pylades
223 1186 358 1245 Orestem
382 1206 413 1245 ss
436 1205 500 1245 csse
521 1186 636 1258 diceret,
651 1192 686 1245 ut
706 1207 758 1264 pro
778 1186 827 1245 illo
847 1194 1016 1258 necaretur;

82 1279 208 1339 Orestes
221 1283 327 1351 autem,
341 1277 431 1336 itaut
444 1283 514 1350 erat,
530 1278 664 1337 Orestem
685 1297 716 1336 se
736 1297 799 1336 esse
812 1286 1014 1355 perseveraret.

78 1371 203 1435 Stantes
223 1369 400 1447 plaudebant
420 1368 452 1429 in
472 1389 504 1429 re
522 1370 609 1428 ficta:
629 1369 700 1447 quid
720 1368 893 1428 arbitramur
905 1369 937 1427 in
949 1389 1016 1429 vera

80 1461 212 1521 facturos
225 1459 341 1520 fuisse?
380 1460 477 1519 Facile
495 1460 641 1520 indicabat
656 1461 719 1539 ipsa
731 1466 835 1518 natura
849 1460 905 1518 vim
925 1481 1015 1533 suam,

80 1572 175 1632 quum
186 1553 318 1611 homines
331 1553 407 1631 quod
420 1552 513 1612 facere
531 1552 587 1630 ipsi
604 1573 664 1612 non
683 1557 803 1631 possent
815 1552 846 1611 id
861 1557 940 1612 recte
952 1552 1016 1611 fieri

79 1645 115 1704 in
134 1644 227 1703 altero
243 1643 417 1723 judicarent,
457 1644 611 1703 Hactenus
631 1643 703 1703 mihi
719 1643 817 1703 videor
836 1643 872 1702 de
891 1643 1016 1705 amicitia

79 1736 154 1817 quid
180 1736 320 1797 sentirem
344 1735 475 1814 potuisse
501 1736 603 1795 dicere.
650 1736 737 1814 Siqua
762 1740 911 1815 praeterea
936 1740 1014 1810 runt,

80 1828 170 1888 oredo
189 1832 288 1909 autem
308 1847 370 1887 esso
389 1828 489 1901 multa,
503 1828 539 1886 ab
551 1826 596 1902 iis,
611 1827 636 1887 si
648 1827 800 1900 ridebitur,
814 1827 864 1905 qui
883 1827 941 1886 ista
959 1827 1014 1887 dis·

79 1925 191 2001 putant
211 1919 381 2000 quaeritote.
421 1923 469 1978 25.
489 1919 589 1978 Fama
613 1919 677 1979 Nos
697 1924 795 1978 autem
814 1939 831 1978 a
850 1922 881 1978 te
899 1919 1014 1998 potius:

79 2031 256 2093 quamquam
269 2011 357 2070 etiam
369 2010 406 2070 ab
419 2010 484 2070 istis
505 2029 590 2088 saepe
604 2010 731 2089 quaesivi
743 2015 774 2069 et
790 2009 886 2069 audivi
899 2030 959 2070 non
971 2009 1014 2069 in·

78 2104 161 2164 ritus
181 2102 321 2182 equidem,
338 2102 393 2167 ,sed
415 2103 494 2162 aliud
513 2103 656 2182 quoddam
674 2103 756 2162 filum
779 2102 916 2162 orationis
936 2107 1013 2164 tuae.

112 2210 151 2256 M.
164 2207 277 2271 Pacarii]
297 2206 417 2264 Pacuvius,
428 2222 443 2253 a
455 2208 534 2254 native
566 2206 669 2269 ‘quum'
688 2206 745 2254 with
761 2206 804 2253 the
819 2206 941 2268 imperfect
957 2207 1014 2255 sub-

77 2270 110 2322 of
117 2271 286 2328 Brundusium,
298 2284 344 2318 uas
352 2270 463 2332 probably
473 2270 534 2318 born
563 2271 675 2331 junctius,
697 2276 722 2318 to
749 2270 833 2318 denote
854 2285 869 2317 a
889 2271 1015 2333 persistent

76 2336 157 2385 about
167 2348 217 2383 no.
228 2338 284 2392 aab,
295 2335 343 2381 end
357 2335 473 2382 theretom
487 2349 534 2382 war
565 2340 625 2382 state
641 2348 668 2381 or
683 2333 801 2381 condition
817 2334 844 2382 of
857 2334 943 2397 things,
956 2336 1014 2384 with

230 2476 281 2510 eis
506 2477 535 2510 re
732 2477 751 2509 si
770 2477 809 2518 on,
828 2477 872 2510 can

77 2529 152 2577 been.
184 2526 225 2574 He
245 2540 292 2574 was
312 2527 354 2573 the
370 2530 433 2573 most
451 2526 533 2573 diatim
565 2477 759 2574 misundbrsmtbood.
791 2526 907 2588 (DsSen.
921 2479 977 2585 hd,
989 2532 1013 2586 5,

78 2590 182 2654 gnished
200 2589 227 2637 oi
241 2590 282 2638 the
299 2591 365 2638 three
383 2589 423 2637 old
441 2590 534 2637 Roman
565 2591 589 2646 6,
601 2588 655 2651 tro.)
671 2589 722 2636 The
732 2590 809 2638 uscos
817 2590 858 2637 the
868 2591 1015 2652 subjunctive

77 2655 266 2716 mgiovriters.
316 2658 322 2671 ‘
566 2652 691 2714 ‘possent’
702 2653 733 2716 by
745 2668 776 2700 no
786 2669 866 2702 means
877 2656 1014 2718 necessarily

114 2718 308 2778 Nooasabatoe]
341 2717 393 2765 The
408 2721 416 2745 ⁴
423 2717 535 2765 Dolores·-
564 2717 655 2765 iollows
670 2717 731 2765 from
747 2719 788 2765 the
802 2718 850 2766 isat
865 2718 892 2766 ot
904 2720 1015 2781 itsbeing

78 2781 137 2840 tea*
148 2783 305 2830 animitation
322 2797 350 2828 or
364 2780 536 2842 adoptationes
564 2796 580 2827 a
594 2787 647 2842 part
662 2781 689 2827 of
702 2782 743 2828 the
759 2782 837 2830 clause
852 2782 965 2844 ‘quum3'
978 2783 1014 2831 for

79 2848 125 2895 the
137 2846 275 2910 ‘Iphigenia
284 2846 309 2898 in
322 2845 412 2892 Tauris'
424 2845 452 2892 ot
464 2845 533 2892 Emi-
565 2845 653 2906 “quod
667 2845 741 2892 facere
756 2861 804 2892 non
820 2851 916 2907 possent
924 2846 941 2871 ’¹
957 2846 1014 2896 does

80 2911 159 2975 pidea
197 2908 271 2958 Orelli
291 2909 338 2957 and
359 2910 458 2970 Seyffert
475 2909 534 2956 omit
564 2913 608 2956 not
624 2923 693 2956 mean
712 2911 776 2957 what
796 2911 852 2970 they
873 2910 920 2957 hsd
941 2909 1014 2958 found

82 2972 200 3023 ‘eornm'
233 2973 313 3021 Cicero
330 2972 378 3036 (De
393 2973 531 3036 Finaas)
564 2973 703 3021 themselves
711 2973 1011 3030 unabletodabutwnse,

81 3036 311 3102 qnotesatorrlines
317 3037 378 3085 from
384 3037 432 3084 this
440 3038 532 3084 Roman
563 3037 589 3083 iu
605 3037 652 3084 like
670 3038 854 3094 circumstances,
870 3037 927 3098 they
937 3039 1014 3086 would

81 3104 148 3167 play.
179 3101 224 3149 See
235 3101 323 3157 Cicero,
335 3101 465 3148 DeOr.iii.
477 3103 500 3156 7.
563 3106 606 3148 not
615 3101 646 3147 be
656 3101 743 3149 ableto
754 3102 792 3148 do.
815 3101 898 3162 Comp.
910 3101 947 3149 De
957 3101 1012 3150 Am.

116 3165 225 3226 Statu]
260 3165 324 3213 Doce
339 3169 381 3212 not
397 3180 464 3212 mean
481 3166 534 3212 that
565 3167 595 3211 8:
615 3165 731 3226 “Quippe
745 3180 817 3226 quum
834 3170 930 3226 propter
939 3167 1012 3213 virtu.

81 3230 125 3280 the
134 3235 264 3293 spectum
274 3229 320 3276 had
330 3244 363 3276 no
375 3234 451 3285 seats3
467 3229 536 3276 torif
564 3233 613 3275 tem
624 3232 648 3276 et
658 3228 798 3290 probitatem
814 3243 853 3276 eos
869 3229 939 3276 etism
954 3245 1013 3292 quos

79 3293 198 3359 ffisyhad
208 3307 279 3350 none,
290 3293 310 3339 it
320 3293 435 3339 wouldbe
445 3308 476 3340 an
487 3294 533 3340 idle
564 3307 684 3354 nunquam
701 3293 800 3340 vidimus
823 3293 924 3355 quodam
942 3295 1013 3343 modo

79 3359 155 3409 word
187 3357 325 3418 Tbeywere
341 3371 367 3405 so
382 3357 470 3404 excited
481 3357 534 3405 that
564 3355 713 3416 diligamns.”

78 3424 239 3485 theyrossor
249 3421 324 3468 stood.
596 3421 673 3467 Aliud
693 3421 810 3482 quoddam
825 3420 910 3534 filum}
944 3420 1012 3470 diter

116 3484 383 3549 mammaeam]
401 3483 536 3533 Theaseot
565 3483 716 3549 ‘quoddam’
754 3485 855 3545 Ernesti,
905 3486 1012 3547 ollouing
