2174 3764
252 163 552 226 EPISTOLARUM
570 160 689 222 LIBRI
708 161 809 223 DUO.
939 165 999 231 249

63 324 191 384 offerimt
204 341 319 381 omnes:
340 325 445 381 tantus·
456 319 541 379 ardor
552 320 708 400 occupavit
724 320 835 380 animos
847 319 999 381 hominum

64 414 207 476 desiderio
218 413 361 473 libertatis
372 412 494 491 odioque
505 411 635 472 diutinae
645 412 803 473 servitutis.
823 412 871 472 De
881 412 999 492 reliquis

64 508 151 567 rebus
166 526 184 564 a
197 509 229 564 te
240 505 301 583 jam
311 509 477 583 exspectare
490 503 590 562 literas
605 503 750 577 debemus,
763 503 833 583 quid
845 504 908 584 ipse
921 523 1002 582 agas²

65 598 134 677 quid
147 601 252 656 noster
264 595 393 669 Hirtius,
407 595 476 673 quid
492 595 598 654 Caesar
611 615 693 654 meus
705 619 713 668 3
732 616 804 674 quos
823 616 907 675 spero
919 595 1000 655 brevi

65 695 199 768 tempore
219 687 356 747 societate
375 685 512 746 victoriae
530 691 629 746 tecum
648 688 798 765 copulatos
810 687 881 747 fore.
922 687 1000 747 Beli·
1062 739 1064 741 ,

66 802 156 860 quum
170 784 263 839 estut
277 779 313 838 de
330 799 376 838 me
395 778 426 837 id
445 777 567 837 scribam
588 778 665 856 quod
683 783 715 837 te
728 799 763 837 ex
776 784 894 838 tuorum
907 779 1002 838 literis

66 879 96 932 et
115 892 201 951 spero
221 877 251 930 et
265 871 346 930 -malo
366 889 548 947 cognoscere,
561 889 608 928 me
628 890 722 948 neque
739 871 838 931 deesse
852 871 912 931 ulla
923 871 956 930 in
967 891 1001 931 re

66 984 161 1044 neque
174 982 310 1040 umquam
325 961 494 1021 defuturum
507 961 644 1039 dignitati
656 967 734 1023 tuee.

290 1089 338 1192 ia.
361 1130 503 1192 elusa
524 1130 775 1192 memorre.
878 1155 882 1161 ·

352 1250 395 1327 (x.
409 1252 457 1308 30.
497 1266 527 1307 ι.
541 1266 572 1308 u.
588 1266 614 1308 c.
629 1246 711 1324 711.)

68 1366 157 1447 [sua]
173 1385 252 1428 mr.
268 1364 393 1426 Kalend.
404 1364 508 1438 Maias,
520 1385 577 1443 quo
591 1364 637 1424 die
648 1366 744 1425 Panse
753 1364 786 1424 in
796 1364 898 1425 castris
907 1364 1002 1426 Hirtii

65 1467 128 1520 erat
141 1459 260 1519 futurus
280 1479 346 1518 cum
367 1477 424 1536 quo
445 1477 498 1534 ego
516 1476 702 1517 erem—nam
716 1457 744 1516 ei
756 1458 869 1518 obviam
887 1478 1001 1536 proces-

65 1571 159 1612 seram
183 1550 273 1609 millia
293 1569 432 1627 passuum
454 1553 580 1623 centum,
604 1569 661 1626 quo
685 1549 827 1608 maturius
848 1550 1002 1609 veniret-
1048 1602 1049 1606 ,

64 1642 216 1703 Antonius
229 1641 358 1719 legiones
376 1640 476 1699 eduxit
493 1641 572 1713 duas,
589 1641 744 1700 secundam
761 1645 791 1700 et
805 1641 936 1718 quintam
948 1643 1002 1701 tri-¹

64 1736 210 1807 semmam,
224 1738 254 1793 et
268 1733 401 1791 cohortes
415 1732 573 1812 praetorias
584 1732 663 1805 dues,
674 1752 763 1791 unam
776 1754 866 1807 suam,
881 1734 1002 1794 alteram

64 1825 164 1900 Silani,
181 1825 239 1903 [et]
255 1828 439 1890 evocatorum
451 1829 574 1903 partem.
615 1825 665 1883 Ite
682 1824 794 1884 obviam
807 1825 888 1884 venit
907 1826 1001 1900 ιιοὶιίι,Ι

64 1917 143 1998 quod
154 1936 209 1976 nos
223 1921 348 1994 quatuor
360 1916 488 1993 legiones
507 1916 638 1975 tironum
654 1916 760 1976 habere
774 1918 867 1977 solum
880 1919 1004 1979 arbitra·

63 2009 160 2070 batur.
201 2008 258 2067 Sed
270 2013 370 2081 noctu,
391 2028 447 2086 quo
465 2008 561 2067 tutius
574 2008 673 2068 venire
688 2009 720 2067 in
733 2015 828 2069 castre
840 2030 1001 2089 possemus,

62 2101 208 2179 legionem
222 2099 362 2158 Martiam
383 2099 431 2158 cui
452 2120 505 2177 ego
523 2120 656 2178 praeesse
675 2101 809 2175 solebam,
826 2108 857 2161 et
871 2103 941 2162 duas
955 2124 1001 2164 co·

63 2193 164 2253 hortea
182 2191 341 2271 praetorias
361 2191 479 2249 miseret
493 2191 612 2252 Hirtius
632 2192 726 2252 nobis.
768 2193 867 2269 Quum
888 2194 1001 2272 equites

64 2272 190 2344 Antonii
202 2282 411 2362 apparuissent,
430 2282 574 2342 contineri
586 2303 681 2362 neque
694 2283 770 2362 legio
783 2285 894 2344 Martia
906 2307 1002 2366 neque
1038 2335 1042 2343 .

65 2377 199 2436 cohortes
212 2373 373 2454 praetoriae
383 2366 552 2454 potuerunt,
564 2395 635 2454 quas
646 2376 727 2453 sequi
740 2377 886 2457 coepimus
900 2380 1001 2456 coacti,

65 2468 201 2547 quonism
208 2467 336 2526 retinere
344 2486 393 2526 eas
401 2486 462 2525 non
471 2472 666 2544 potueramus.
686 2468 1002 2532 AntoniusedForum

99 2611 187 2658 Occacr
213 2608 314 2670 meum]
365 2607 417 2655 Tha
445 2611 517 2670 'puer
548 2606 741 2656 recommendet:
758 2610 853 2660 whence
870 2611 926 2674 they
941 2627 1002 2660 were

65 2673 158 2723 Ceessr'
172 2672 229 2736 (No.
243 2674 291 2722 16.
525 2687 526 2692 ¹
549 2672 730 2720 said‘evoceri.'
756 2674 1002 2738 'l'heyseemtohave

99 2739 136 2787 18.
152 2738 254 2785 Aletter
301 2749 325 2783 m
340 2735 389 2783 Ser.
402 2734 518 2796 Sulpicius
548 2735 609 2783 been
627 2739 765 2786 summoned
780 2739 812 2801 by
827 2753 896 2786 neme
912 2740 1002 2789 frome

66 2803 148 2858 Galba,
167 2802 220 2848 who
237 2816 284 2848 was
300 2801 424 2861 employed
439 2800 471 2862 by
488 2799 516 2848 C.
547 2800 592 2847 roll
610 2800 663 2849 thet
676 2817 724 2849 was
739 2803 797 2864 kept
814 2803 916 2866 (Cacsar,
929 2805 957 2852 B.
971 2805 1001 2854 G.

64 2866 143 2914 Julius
165 2866 249 2914 Caesar
265 2865 291 2911 in
310 2865 345 2911 his
363 2864 437 2912 Gellic
457 2879 517 2912 wera
548 2864 581 2911 iii
600 2864 650 2927 20).
682 2866 741 2914 'l'his
759 2868 779 2914 is
795 2868 836 2914 the
852 2869 1002 2929 explanation

66 2931 136 2992 (Bell.
149 2930 210 2978 Gall.
229 2929 261 2976 iii
281 2930 302 2984 l,
320 2927 383 2991 dcc).
417 2929 456 2975 He
469 2944 517 2976 was
548 2928 575 2974 of
583 2928 677 2990 Lipsius
695 2930 752 2994 (Op.
768 2932 800 2978 iii.
816 2947 840 2992 p.
853 2935 892 2989 47,
904 2934 941 2980 De
952 2934 1001 2980 Mi-

64 2996 105 3043 the
121 2992 349 3055 great-grandfather
364 2992 391 3039 of
406 2992 448 3039 the
466 3007 516 3040 em·
548 2993 599 3040 litie
626 2995 741 3081 Rpmane,
766 2995 803 3042 ed.
828 2997 909 3057 1675).
948 2998 1002 3046 The

375 3057 380 3068 ·
435 3057 440 3067 ⁸
498 3057 503 3068 ⁸
550 3062 557 3085 ι
576 3057 581 3068 ⁸
849 3061 854 3071 ·
974 3076 980 3092 θ

63 3057 517 3184 mittuddtttttt
563 3060 1001 3186 tttmttttttttssaaa

63 3187 143 3251 dene).
547 3184 579 3232 be
604 3201 619 3233 e
643 3187 716 3248 place,
743 3202 797 3235 now
824 3189 898 3237 called
922 3189 1002 3238 Cestel

93 3249 267 3311 moratorum]
297 3247 395 3296 Evoceti
405 3263 466 3296 were
476 3263 516 3297 ve·
548 3249 645 3306 Frenca
657 3265 689 3297 on
699 3251 741 3298 the
751 3250 852 3300 Aemilia
861 3255 914 3309 Via,
925 3254 1002 3302 which

62 3317 145 3373 teram,
157 3315 211 3363 who
225 3313 272 3361 had
288 3313 369 3360 served
382 3313 444 3360 their
459 3313 516 3360 time
547 3328 591 3361 ran
624 3314 685 3362 from
719 3316 853 3365 Ariminum
889 3317 1000 3381 (Rimini)

61 3382 107 3429 and
118 3381 187 3442 again
200 3377 282 3439 joined
299 3392 330 3424 en
345 3391 418 3438 army,
431 3382 473 3424 not
483 3377 516 3441 by
546 3377 653 3440 through
675 3379 777 3430 Mutua
793 3386 823 3430 te
839 3382 1018 3429 usuam

61 3445 212 3507 compulsion,
229 3441 273 3488 but
284 3445 311 3489 at
323 3441 365 3490 ιιι
377 3449 476 3508 request
491 3443 520 3494 ol
551 3442 668 3511 (hittenh-
