2174 3764
245 176 546 240 bursechinum
564 178 682 241 LIBRI
701 175 801 240 DUO.
927 179 987 242 203

57 334 127 396 illud
139 334 335 395 certissimum
348 336 430 416 eujus
443 356 529 397 carisa
545 335 662 397 inventa
675 358 722 398 res
734 337 798 416 ipsa
811 340 865 410 est,
878 341 913 397 ut
927 357 987 397 cer·

57 427 144 486 tiores
157 426 317 487 faceremus
330 427 473 501 absentes,
487 428 513 487 si
525 426 595 506 quid
608 437 684 488 esset
697 428 775 507 quod
788 448 837 488 eos
851 428 923 488 scire
936 433 988 488 eut

55 521 157 592 ,nostra
178 522 232 576 aut
252 517 380 596 ipsorum
398 519 561 578 interesset.
602 520 703 597 Hujus
721 519 834 598 generis
851 520 950 579 literas
970 538 988 580 a

58 628 102 668 me
113 607 248 688 profecto
260 629 321 668 non
338 615 494 689 exspectes.
535 610 662 669 Tuarum
675 610 752 670 enim
768 631 866 670 rerum
879 610 988 670 domes·

58 697 131 758 ticos
144 697 235 758 hebes
248 704 279 759 et
292 690 444 779 scriptores
458 706 488 760 et
498 700 627 761 nuntios.
657 702 696 760 In
705 701 776 760 meis
789 707 887 761 autem
901 701 989 762 rebus

58 789 131 848 nihil
144 794 191 849 est
204 810 273 849 saue
285 791 361 851 novi.
395 791 518 871 Reliqua
531 797 600 851 sunt
613 792 799 870 epistolarum
813 813 918 871 genera
931 794 989 853 duo

59 900 132 958 quee
145 900 193 940 me
205 901 310 959 magno
329 902 413 961 opere
433 882 594 957 delectent;
613 903 705 943 unum
720 883 858 943 familiare
870 890 901 943 et
911 884 990 965 joco·

59 991 133 1044 sum,
146 971 272 1030 alterum
292 992 421 1033 severum
439 979 470 1033 et
487 994 581 1052 greve.
621 975 699 1034 Utro
717 994 764 1033 me
780 974 876 1034 minus
890 975 990 1035 deceat

60 1063 105 1122 uti
128 1083 190 1122 non
208 1063 349 1142 intelligo.
389 1066 410 1125 J
411 1085 513 1125 oceme
536 1071 633 1125 tecum
656 1085 709 1144 per
728 1065 851 1125 literas?
891 1065 990 1126 Civem

61 1153 223 1214 mehercule
236 1175 297 1214 non
309 1160 381 1234 puto
394 1176 457 1215 esse
471 1155 521 1234 qui
532 1157 711 1235 temporibus
723 1156 769 1215 his
782 1156 876 1216 ridere
888 1157 998 1236 possit(⁴

62 1245 111 1307 An
131 1246 248 1324 gravius
269 1246 377 1324 aliquid
396 1247 543 1307 scribam?
565 1247 635 1325 quid
656 1245 796 1326 estquod
815 1247 907 1326 possit
928 1267 991 1325 gra·

62 1335 136 1397 witer
154 1357 174 1398 e
192 1337 332 1397 Cicerone
353 1337 439 1397 scribi
459 1337 496 1397 ud
510 1338 666 1398 Curionem
684 1337 836 1398 nisidoro
853 1338 992 1417 publicai

63 1428 161 1507 Atque
174 1427 207 1487 in
219 1427 274 1488 hoc
288 1447 393 1505 genere
403 1429 473 1488 haec
485 1427 549 1489 mee
561 1435 710 1504 causaest,
720 1435 756 1489 ut
768 1449 862 1508 neque
876 1450 993 1509 eaquae

63 1540 141 1581 nunc
161 1519 257 1580 sentio
276 1520 360 1582 velim
379 1520 511 1580 scribere.
552 1521 753 1597 Quamobrem,
767 1521 903 1599 quoniam
922 1521 994 1580 mihi

64 1611 176 1672 nullum
189 1610 333 1671 scribendi
350 1617 552 1690 argumentum
571 1612 704 1672 relictum
723 1617 778 1686 est,
791 1617 860 1672 uter
871 1632 905 1672 ea
918 1613 994 1673 cleu-

66 1704 126 1763 sula
145 1723 204 1783 que
224 1703 310 1776 soleo,
323 1708 409 1783 teque
432 1704 470 1763 ad
489 1703 617 1763 studium
637 1723 764 1763 summae
782 1703 875 1763 laudis
895 1704 994 1763 cohor.

66 1796 156 1856 tabor.
196 1796 254 1855 Est
279 1795 356 1854 enim
381 1795 437 1855 tibi
466 1796 559 1873 gravis
589 1795 749 1855 adversaria
777 1794 937 1855 constitute
964 1800 995 1854 et

67 1893 172 1966 parate,
193 1887 369 1946 incredibilis
392 1887 531 1966 quaedem
557 1887 741 1967 exspectatio,
766 1906 852 1964 quam
877 1891 912 1946 tu
935 1907 995 1946 una

67 1999 97 2038 re
111 1978 246 2038 facillime
259 1979 363 2052 vinces,
379 1978 404 2037 si
421 1979 475 2037 hoc
497 1979 643 2050 statueris,
657 1998 776 2057 querum
798 1976 916 2036 laudum
936 1979 996 2056 glo·

68 2070 136 2130 riam
149 2069 299 2142 muueris,
313 2069 418 2148 quibus
438 2068 549 2129 artibus
563 2069 725 2134 eaelaudes
741 2074 951 2147 comparentur,
965 2069 997 2129 in

68 2160 101 2222 iis
125 2148 190 2222 esse
217 2161 429 2223 elaborandum.
479 2161 519 2220 In
542 2161 616 2220 henc
643 2159 818 2219 sententiam
843 2158 997 2220 scriberem

69 2253 155 2332 plura,
169 2253 272 2313 uisite
286 2259 339 2313 tue
357 2258 460 2332 sponte
478 2252 549 2312 setis
562 2252 716 2312 incitatum
731 2271 795 2312 esse
808 2253 997 2312 confiderem:

71 2351 98 2404 et
108 2347 164 2406 hoc
177 2344 319 2425 quidquid
336 2344 421 2422 attigi
434 2364 494 2404 non
511 2344 567 2404 feci
581 2342 777 2403 mfiemmendi
790 2343 836 2404 tui
848 2364 934 2405 causa
947 2342 999 2404 sed

70 2437 243 2514 testificandi
255 2435 359 2496 amoris
373 2434 438 2495 mei.

99 2605 192 2653 Nostra
213 2606 257 2650 aut
276 2601 392 2663 psorem]
427 2600 518 2648 Profes-
550 2599 578 2648 ol
596 2603 654 2648 ‘not
674 2598 741 2648 even'
761 2600 782 2649 is
801 2601 860 2650 used
878 2601 910 2665 by
931 2601 999 2664 Iivy,

72 2681 106 2716 scr
115 2666 325 2731 Key(Gremma1-‚
342 2663 401 2727 910)
416 2665 519 2726 explains
550 2664 652 2720 Tacitus,
667 2664 714 2712 end
723 2665 783 2712 later
792 2667 888 2722 writers,
904 2666 948 2714 but
957 2669 1000 2713 not

72 2729 520 2789 ‘nummteest’tobesoorruption
551 2727 682 2789 byCicoro.
716 2728 769 2776 Still
778 2729 825 2777 this
836 2730 909 2790 single
920 2743 1000 2776 exam·

72 2796 96 2843 cl
103 2799 222 2844 ‘nostram
232 2795 294 2841 bites·
303 2808 354 2839 rem
365 2792 417 2839 est!
447 2792 473 2839 If
480 2792 521 2839 the
551 2792 590 2853 ple
600 2792 626 2838 in
637 2792 717 2840 Cicero
728 2807 782 2856 may
791 2793 822 2840 be
832 2793 940 2854 genum

72 2859 354 2922 exphnalioniscorrect,
369 2857 410 2903 the
421 2857 521 2917 genitive
550 2887 552 2892 -
582 2857 760 2917 Exspectate]
794 2856 866 2904 Curio
881 2871 928 2903 was
948 2870 1001 2903 now

72 2924 125 2971 with
135 2921 257 2971 ‘interea'
268 2922 290 2969 is
300 2921 371 2981 easily
380 2919 509 2982 explained.
552 2926 661 2981 quaestor
675 2921 701 2966 in
718 2921 782 2978 Asis,
800 2920 877 2968 where
891 2920 929 2967 his
945 2934 1002 2967 con-

101 2987 234 3050 quoeea]
271 2985 372 3045 Perhaps
390 2985 522 3044 something
552 2983 616 3040 duct,
634 2999 661 3032 es
678 2983 758 3031 Cicero
780 2999 840 3045 says,
861 2998 918 3044 gare
937 2987 1003 3045 great

72 3049 216 3107 homiued,
234 3049 271 3096 for
287 3064 323 3096 we
339 3048 423 3094 should
439 3053 522 3109 expect
552 3047 625 3109 hopes
647 3047 675 3095 of
692 3048 729 3095 his
749 3048 827 3095 future
845 3062 930 3094 career.
963 3048 1003 3095 On

74 3115 168 3163 another
180 3116 280 3175 ‘neque'
292 3127 319 3160 or
330 3112 403 3168 ‘nee'
415 3111 522 3159 followed
553 3111 589 3158 his
599 3115 681 3158 return
690 3111 721 3158 he
731 3126 778 3159 was
792 3111 881 3158 elected
894 3112 1003 3159 tribunus

74 3177 104 3240 by
124 3179 256 3238 something
281 3177 336 3224 else.
376 3176 456 3237 Siiplle
479 3176 522 3222 hss
552 3175 634 3237 plebis,
657 3189 705 3223 nc.
727 3177 766 3230 5⁰,
783 3180 809 3222 et
829 3175 918 3223 atime
935 3176 1004 3223 when

76 3244 116 3290 ‘ut
128 3257 159 3290 ne
174 3241 307 3304 ecquidem
319 3239 394 3301 quee,'
410 3240 486 3288 which
502 3240 523 3286 is
555 3238 640 3286 Caesar
649 3239 697 3285 and
707 3237 752 3286 cn.
764 3239 888 3300 Pompeius
902 3238 957 3287 held
973 3239 1004 3287 all

76 3318 153 3368 every
167 3305 280 3368 probable
296 3303 452 3351 emendation.
486 3304 525 3350 He
554 3303 596 3350 the
612 3316 698 3363 power,
716 3302 764 3350 and
778 3316 839 3351 were
856 3303 973 3366 reedpfor
990 3319 1006 3350 e

77 3367 180 3420 οδιθπθι
190 3365 390 3431 ssut‘neqre'in
405 3368 447 3417 the
457 3381 526 3418 sense
556 3366 661 3432 quaneh
