<?xml version="1.0" encoding="UTF-8"?>
<!DOCTYPE html PUBLIC "-//W3C//DTD XHTML 1.0 Transitional//EN"
    "http://www.w3.org/TR/xhtml1/DTD/xhtml1-transitional.dtd">
<html xmlns="http://www.w3.org/1999/xhtml" xml:lang="en" lang="en">
 <head>
  <title>
</title>
<meta http-equiv="Content-Type" content="text/html;charset=utf-8" />
  <meta name='ocr-system' content='tesseract 3.04.00' />
  <meta name='ocr-capabilities' content='ocr_page ocr_carea ocr_par ocr_line ocrx_word'/>
</head>
<body>
  <div class='ocr_page' id='page_1' title='image "./mtulliiciceroni51cicegoog/mtulliiciceroni51cicegoog_0123.png"; bbox 0 0 2174 3764; ppageno 0'>
   <div class='ocr_carea' id='block_1_1' title="bbox 102 169 659 231">
    <p class='ocr_par' dir='ltr' id='par_1_1' title="bbox 102 169 659 231">
     <span class='ocr_line' id='line_1_1' title="bbox 102 169 659 231; baseline -0.007 0"><span class='ocrx_word' id='word_1_1' title='bbox 102 174 142 231; x_wconf 81' lang='lat'><strong>80</strong></span> <span class='ocrx_word' id='word_1_2' title='bbox 473 169 659 229; x_wconf 85' lang='lat' dir='ltr'><strong>LAELIUS.</strong></span> 
     </span>
    </p>
   </div>
   <div class='ocr_carea' id='block_1_2' title="bbox 32 325 1032 2146">
    <p class='ocr_par' dir='ltr' id='par_1_2' title="bbox 32 325 1032 2146">
     <span class='ocr_line' id='line_1_2' title="bbox 101 325 1026 408; baseline 0.002 -21"><span class='ocrx_word' id='word_1_3' title='bbox 101 329 204 408; x_wconf 91' lang='lat' dir='ltr'><strong>optimi</strong></span> <span class='ocrx_word' id='word_1_4' title='bbox 216 330 353 408; x_wconf 90' lang='lat' dir='ltr'><strong>cujusque</strong></span> <span class='ocrx_word' id='word_1_5' title='bbox 364 327 476 386; x_wconf 88' lang='lat' dir='ltr'><strong>animus</strong></span> <span class='ocrx_word' id='word_1_6' title='bbox 487 327 519 386; x_wconf 92' lang='lat' dir='ltr'><strong>in</strong></span> <span class='ocrx_word' id='word_1_7' title='bbox 532 332 624 387; x_wconf 88' lang='lat' dir='ltr'><strong>morte</strong></span> <span class='ocrx_word' id='word_1_8' title='bbox 634 325 766 385; x_wconf 82' lang='lat' dir='ltr'><strong>facillime</strong></span> <span class='ocrx_word' id='word_1_9' title='bbox 778 326 871 386; x_wconf 89' lang='lat' dir='ltr'><strong>evolet</strong></span> <span class='ocrx_word' id='word_1_10' title='bbox 880 331 1026 405; x_wconf 84' lang='lat' dir='ltr'><strong>tamquam</strong></span> 
     </span>
     <span class='ocr_line' id='line_1_3' title="bbox 101 419 1027 497; baseline 0.002 -18"><span class='ocrx_word' id='word_1_11' title='bbox 101 421 260 480; x_wconf 86' lang='lat' dir='ltr'><strong>eeustodia</strong></span> <span class='ocrx_word' id='word_1_12' title='bbox 273 420 449 496; x_wconf 84' lang='lat' dir='ltr'><strong>vinculisque</strong></span> <span class='ocrx_word' id='word_1_13' title='bbox 469 419 604 497; x_wconf 89' lang='lat' dir='ltr'><strong>corporis,</strong></span> <span class='ocrx_word' id='word_1_14' title='bbox 619 419 666 478; x_wconf 89' lang='lat' dir='ltr'><strong>cui</strong></span> <span class='ocrx_word' id='word_1_15' title='bbox 684 438 835 477; x_wconf 83' lang='lat' dir='ltr'>censemus</span> <span class='ocrx_word' id='word_1_16' title='bbox 854 438 968 479; x_wconf 87' lang='lat' dir='ltr'><strong>cursum</strong></span> <span class='ocrx_word' id='word_1_17' title='bbox 990 420 1027 481; x_wconf 81' lang='lat' dir='ltr'><strong>ad</strong></span> 
     </span>
     <span class='ocr_line' id='line_1_4' title="bbox 100 509 1027 588; baseline 0.001 -17"><span class='ocrx_word' id='word_1_18' title='bbox 100 512 180 571; x_wconf 89' lang='lat' dir='ltr'><strong>Deos</strong></span> <span class='ocrx_word' id='word_1_19' title='bbox 194 512 348 570; x_wconf 79' lang='lat' dir='ltr'><strong>faciliorem</strong></span> <span class='ocrx_word' id='word_1_20' title='bbox 360 511 450 569; x_wconf 88' lang='lat' dir='ltr'><strong>fuisse</strong></span> <span class='ocrx_word' id='word_1_21' title='bbox 464 530 548 587; x_wconf 89' lang='lat' dir='ltr'><strong>quam</strong></span> <span class='ocrx_word' id='word_1_22' title='bbox 563 509 713 588; x_wconf 78' lang='lat' dir='ltr'><strong>Scipioni?</strong></span> <span class='ocrx_word' id='word_1_23' title='bbox 748 509 889 584; x_wconf 76' lang='lat' dir='ltr'><strong>Quocirca</strong></span> <span class='ocrx_word' id='word_1_24' title='bbox 900 531 1027 573; x_wconf 78' lang='lat' dir='ltr'><strong>maerere</strong></span> 
     </span>
     <span class='ocr_line' id='line_1_5' title="bbox 99 600 1026 681; baseline 0.003 -20"><span class='ocrx_word' id='word_1_25' title='bbox 99 603 153 662; x_wconf 86' lang='lat' dir='ltr'><strong>hoo</strong></span> <span class='ocrx_word' id='word_1_26' title='bbox 175 604 237 681; x_wconf 88' lang='lat' dir='ltr'><strong>ejus</strong></span> <span class='ocrx_word' id='word_1_27' title='bbox 258 608 475 661; x_wconf 87' lang='lat' dir='ltr'><strong>eventuvereor</strong></span> <span class='ocrx_word' id='word_1_28' title='bbox 493 622 530 660; x_wconf 93' lang='lat' dir='ltr'><strong>ne</strong></span> <span class='ocrx_word' id='word_1_29' title='bbox 550 602 640 660; x_wconf 89' lang='lat' dir='ltr'><strong>invidi</strong></span> <span class='ocrx_word' id='word_1_30' title='bbox 658 600 748 678; x_wconf 84' lang='lat' dir='ltr'><strong>magis</strong></span> <span class='ocrx_word' id='word_1_31' title='bbox 766 621 851 678; x_wconf 90' lang='lat' dir='ltr'><strong>quam</strong></span> <span class='ocrx_word' id='word_1_32' title='bbox 873 601 956 661; x_wconf 88' lang='lat' dir='ltr'><strong>amici</strong></span> <span class='ocrx_word' id='word_1_33' title='bbox 977 603 1026 665; x_wconf 74' lang='lat' dir='ltr'><strong>sia</strong></span> 
     </span>
     <span class='ocr_line' id='line_1_6' title="bbox 100 688 1028 753; baseline 0 0"><span class='ocrx_word' id='word_1_34' title='bbox 100 695 152 753; x_wconf 88' lang='lat' dir='ltr'><strong>Sin</strong></span> <span class='ocrx_word' id='word_1_35' title='bbox 169 700 266 753; x_wconf 91' lang='lat' dir='ltr'><strong>autem</strong></span> <span class='ocrx_word' id='word_1_36' title='bbox 284 695 333 752; x_wconf 87' lang='lat' dir='ltr'><strong>illa</strong></span> <span class='ocrx_word' id='word_1_37' title='bbox 349 693 459 752; x_wconf 88' lang='lat' dir='ltr'><strong>veriora</strong></span> <span class='ocrx_word' id='word_1_38' title='bbox 472 699 507 751; x_wconf 91' lang='lat' dir='ltr'><strong>ut</strong></span> <span class='ocrx_word' id='word_1_39' title='bbox 520 693 596 751; x_wconf 91' lang='lat' dir='ltr'><strong>idem</strong></span> <span class='ocrx_word' id='word_1_40' title='bbox 609 693 745 751; x_wconf 89' lang='lat' dir='ltr'><strong>interitus</strong></span> <span class='ocrx_word' id='word_1_41' title='bbox 766 693 805 750; x_wconf 90' lang='lat' dir='ltr'><strong>eit</strong></span> <span class='ocrx_word' id='word_1_42' title='bbox 823 688 982 751; x_wconf 82' lang='lat' dir='ltr'><strong>animomm</strong></span> <span class='ocrx_word' id='word_1_43' title='bbox 995 700 1028 753; x_wconf 88' lang='lat' dir='ltr'><strong>et</strong></span> 
     </span>
     <span class='ocr_line' id='line_1_7' title="bbox 99 782 1032 864; baseline 0 -19"><span class='ocrx_word' id='word_1_44' title='bbox 99 806 250 864; x_wconf 89' lang='lat' dir='ltr'><strong>corporum</strong></span> <span class='ocrx_word' id='word_1_45' title='bbox 270 806 324 844; x_wconf 90' lang='lat' dir='ltr'><strong>nec</strong></span> <span class='ocrx_word' id='word_1_46' title='bbox 343 785 420 843; x_wconf 91' lang='lat' dir='ltr'><strong>ullus</strong></span> <span class='ocrx_word' id='word_1_47' title='bbox 441 805 542 843; x_wconf 90' lang='lat' dir='ltr'><strong>sensus</strong></span> <span class='ocrx_word' id='word_1_48' title='bbox 562 789 684 856; x_wconf 88' lang='lat' dir='ltr'><strong>maneat,</strong></span> <span class='ocrx_word' id='word_1_49' title='bbox 698 789 733 842; x_wconf 91' lang='lat' dir='ltr'><strong>ut</strong></span> <span class='ocrx_word' id='word_1_50' title='bbox 751 782 824 841; x_wconf 90' lang='lat' dir='ltr'><strong>nibil</strong></span> <span class='ocrx_word' id='word_1_51' title='bbox 841 783 910 843; x_wconf 89' lang='lat' dir='ltr'><strong>boni</strong></span> <span class='ocrx_word' id='word_1_52' title='bbox 928 789 975 842; x_wconf 89' lang='lat' dir='ltr'><strong>est</strong></span> <span class='ocrx_word' id='word_1_53' title='bbox 994 784 1032 845; x_wconf 86' lang='lat' dir='ltr'><strong>in</strong></span> 
     </span>
     <span class='ocr_line' id='line_1_8' title="bbox 98 875 1030 949; baseline 0.002 -14"><span class='ocrx_word' id='word_1_54' title='bbox 98 882 199 949; x_wconf 86' lang='lat' dir='ltr'><strong>morte,</strong></span> <span class='ocrx_word' id='word_1_55' title='bbox 214 877 255 936; x_wconf 88' lang='lat' dir='ltr'><strong>sio</strong></span> <span class='ocrx_word' id='word_1_56' title='bbox 274 882 352 936; x_wconf 87' lang='lat' dir='ltr'><strong>certe</strong></span> <span class='ocrx_word' id='word_1_57' title='bbox 371 875 444 935; x_wconf 86' lang='lat' dir='ltr'><strong>nihil</strong></span> <span class='ocrx_word' id='word_1_58' title='bbox 456 876 531 934; x_wconf 88' lang='lat' dir='ltr'><strong>mali.</strong></span> <span class='ocrx_word' id='word_1_59' title='bbox 573 878 666 936; x_wconf 93' lang='lat' dir='ltr'><strong>Sensu</strong></span> <span class='ocrx_word' id='word_1_60' title='bbox 679 875 756 934; x_wconf 92' lang='lat' dir='ltr'><strong>enim</strong></span> <span class='ocrx_word' id='word_1_61' title='bbox 776 875 888 947; x_wconf 84' lang='lat' dir='ltr'><strong>amisso,</strong></span> <span class='ocrx_word' id='word_1_62' title='bbox 902 876 936 933; x_wconf 91' lang='lat' dir='ltr'><strong>fit</strong></span> <span class='ocrx_word' id='word_1_63' title='bbox 948 876 1030 937; x_wconf 83' lang='lat' dir='ltr'><strong>idem</strong></span> 
     </span>
     <span class='ocr_line' id='line_1_9' title="bbox 98 967 1032 1051; baseline -0.001 -23"><span class='ocrx_word' id='word_1_64' title='bbox 98 968 180 1051; x_wconf 66' lang='lat' dir='ltr'><strong>quqi</strong></span> <span class='ocrx_word' id='word_1_65' title='bbox 199 975 286 1028; x_wconf 87' lang='lat' dir='ltr'><strong>natus</strong></span> <span class='ocrx_word' id='word_1_66' title='bbox 305 989 365 1028; x_wconf 94' lang='lat' dir='ltr'><strong>non</strong></span> <span class='ocrx_word' id='word_1_67' title='bbox 386 973 462 1027; x_wconf 88' lang='lat' dir='ltr'><strong>esset</strong></span> <span class='ocrx_word' id='word_1_68' title='bbox 483 967 598 1027; x_wconf 92' lang='lat' dir='ltr'><strong>omnino</strong></span> <span class='ocrx_word' id='word_1_69' title='bbox 608 992 615 1039; x_wconf 93' lang='lat'>;</span> <span class='ocrx_word' id='word_1_70' title='bbox 636 987 721 1045; x_wconf 88' lang='lat' dir='ltr'><strong>quem</strong></span> <span class='ocrx_word' id='word_1_71' title='bbox 732 972 832 1025; x_wconf 88' lang='lat' dir='ltr'><strong>tamen</strong></span> <span class='ocrx_word' id='word_1_72' title='bbox 848 986 910 1025; x_wconf 85' lang='lat' dir='ltr'><strong>esse</strong></span> <span class='ocrx_word' id='word_1_73' title='bbox 922 974 1032 1027; x_wconf 83' lang='lat' dir='ltr'><strong>natum</strong></span> 
     </span>
     <span class='ocr_line' id='line_1_10' title="bbox 98 1058 1028 1143; baseline 0.002 -25"><span class='ocrx_word' id='word_1_74' title='bbox 98 1066 129 1118; x_wconf 91' lang='lat' dir='ltr'><strong>et</strong></span> <span class='ocrx_word' id='word_1_75' title='bbox 142 1080 195 1119; x_wconf 89' lang='lat' dir='ltr'><strong>nos</strong></span> <span class='ocrx_word' id='word_1_76' title='bbox 209 1061 366 1137; x_wconf 79' lang='lat' dir='ltr'><strong>gaudemus</strong></span> <span class='ocrx_word' id='word_1_77' title='bbox 379 1066 410 1118; x_wconf 88' lang='lat' dir='ltr'><strong>et</strong></span> <span class='ocrx_word' id='word_1_78' title='bbox 423 1060 492 1118; x_wconf 86' lang='lat' dir='ltr'><strong>haec</strong></span> <span class='ocrx_word' id='word_1_79' title='bbox 508 1059 608 1118; x_wconf 86' lang='lat' dir='ltr'><strong>civitas</strong></span> <span class='ocrx_word' id='word_1_80' title='bbox 623 1059 690 1117; x_wconf 92' lang='lat' dir='ltr'><strong>dum</strong></span> <span class='ocrx_word' id='word_1_81' title='bbox 704 1059 760 1117; x_wconf 92' lang='lat' dir='ltr'><strong>erit</strong></span> <span class='ocrx_word' id='word_1_82' title='bbox 772 1058 934 1143; x_wconf 79' lang='lat' dir='ltr'><strong>laetabitur.</strong></span> <span class='ocrx_word' id='word_1_83' title='bbox 976 1063 1028 1121; x_wconf 80' lang='lat'><strong>15.</strong></span> 
     </span>
     <span class='ocr_line' id='line_1_11' title="bbox 99 1138 1028 1230; baseline 0 -20"><span class='ocrx_word' id='word_1_84' title='bbox 99 1151 291 1226; x_wconf 73' lang='lat' dir='ltr'><strong>Quamobrem</strong></span> <span class='ocrx_word' id='word_1_85' title='bbox 304 1173 369 1211; x_wconf 90' lang='lat' dir='ltr'><strong>cum</strong></span> <span class='ocrx_word' id='word_1_86' title='bbox 382 1151 431 1211; x_wconf 89' lang='lat' dir='ltr'><strong>illo</strong></span> <span class='ocrx_word' id='word_1_87' title='bbox 444 1151 567 1230; x_wconf 88' lang='lat' dir='ltr'><strong>quidem,</strong></span> <span class='ocrx_word' id='word_1_88' title='bbox 580 1155 616 1209; x_wconf 84' lang='lat' dir='ltr'><strong>ut</strong></span> <span class='ocrx_word' id='word_1_89' title='bbox 630 1170 716 1228; x_wconf 85' lang='lat' dir='ltr'><strong>supra</strong></span> <span class='ocrx_word' id='word_1_90' title='bbox 730 1138 904 1223; x_wconf 67' lang='lat' dir='ltr'><strong>disiectum</strong></span> <span class='ocrx_word' id='word_1_91' title='bbox 916 1150 1028 1230; x_wconf 89' lang='lat' dir='ltr'><strong>optime</strong></span> 
     </span>
     <span class='ocr_line' id='line_1_12' title="bbox 97 1241 1025 1320; baseline 0.001 -19"><span class='ocrx_word' id='word_1_92' title='bbox 97 1249 151 1316; x_wconf 88' lang='lat' dir='ltr'><strong>est,</strong></span> <span class='ocrx_word' id='word_1_93' title='bbox 165 1264 275 1304; x_wconf 90' lang='lat' dir='ltr'><strong>mecum</strong></span> <span class='ocrx_word' id='word_1_94' title='bbox 295 1243 510 1314; x_wconf 87' lang='lat' dir='ltr'><strong>incommodius,</strong></span> <span class='ocrx_word' id='word_1_95' title='bbox 530 1262 614 1320; x_wconf 89' lang='lat' dir='ltr'><strong>quem</strong></span> <span class='ocrx_word' id='word_1_96' title='bbox 633 1241 728 1301; x_wconf 87' lang='lat' dir='ltr'><strong>fuerat</strong></span> <span class='ocrx_word' id='word_1_97' title='bbox 748 1242 875 1320; x_wconf 86' lang='lat' dir='ltr'><strong>aequius,</strong></span> <span class='ocrx_word' id='word_1_98' title='bbox 888 1248 923 1300; x_wconf 91' lang='lat' dir='ltr'><strong>ut</strong></span> <span class='ocrx_word' id='word_1_99' title='bbox 943 1242 1025 1320; x_wconf 86' lang='lat' dir='ltr'><strong>prius</strong></span> 
     </span>
     <span class='ocr_line' id='line_1_13' title="bbox 96 1333 1022 1415; baseline 0.001 -22"><span class='ocrx_word' id='word_1_100' title='bbox 96 1333 271 1409; x_wconf 88' lang='lat' dir='ltr'><strong>introieram,</strong></span> <span class='ocrx_word' id='word_1_101' title='bbox 281 1337 321 1396; x_wconf 86' lang='lat' dir='ltr'><strong>sie</strong></span> <span class='ocrx_word' id='word_1_102' title='bbox 330 1336 411 1415; x_wconf 88' lang='lat' dir='ltr'><strong>prius</strong></span> <span class='ocrx_word' id='word_1_103' title='bbox 425 1334 502 1393; x_wconf 79' lang='lat' dir='ltr'><strong>exire</strong></span> <span class='ocrx_word' id='word_1_104' title='bbox 512 1333 547 1392; x_wconf 87' lang='lat' dir='ltr'><strong>de</strong></span> <span class='ocrx_word' id='word_1_105' title='bbox 558 1333 625 1391; x_wconf 88' lang='lat' dir='ltr'><strong>vita.</strong></span> <span class='ocrx_word' id='word_1_106' title='bbox 654 1333 710 1392; x_wconf 86' lang='lat' dir='ltr'><strong>Sed</strong></span> <span class='ocrx_word' id='word_1_107' title='bbox 720 1338 818 1393; x_wconf 90' lang='lat' dir='ltr'><strong>tamen</strong></span> <span class='ocrx_word' id='word_1_108' title='bbox 827 1334 1022 1394; x_wconf 82' lang='lat' dir='ltr'><strong>recordatione</strong></span> 
     </span>
     <span class='ocr_line' id='line_1_14' title="bbox 32 1424 1019 1504; baseline -0.001 -19"><span class='ocrx_word' id='word_1_109' title='bbox 32 1462 35 1469; x_wconf 94' lang='lat'>-</span> <span class='ocrx_word' id='word_1_110' title='bbox 96 1433 213 1487; x_wconf 89' lang='lat' dir='ltr'><strong>nostrae</strong></span> <span class='ocrx_word' id='word_1_111' title='bbox 223 1428 364 1487; x_wconf 83' lang='lat' dir='ltr'><strong>amicitiae</strong></span> <span class='ocrx_word' id='word_1_112' title='bbox 375 1427 415 1486; x_wconf 89' lang='lat' dir='ltr'><strong>sic</strong></span> <span class='ocrx_word' id='word_1_113' title='bbox 426 1426 506 1484; x_wconf 89' lang='lat' dir='ltr'><strong>fruor</strong></span> <span class='ocrx_word' id='word_1_114' title='bbox 515 1430 550 1482; x_wconf 93' lang='lat' dir='ltr'><strong>ut</strong></span> <span class='ocrx_word' id='word_1_115' title='bbox 560 1424 643 1483; x_wconf 90' lang='lat' dir='ltr'><strong>beate</strong></span> <span class='ocrx_word' id='word_1_116' title='bbox 653 1424 757 1484; x_wconf 85' lang='lat' dir='ltr'><strong>vixisse</strong></span> <span class='ocrx_word' id='word_1_117' title='bbox 767 1424 872 1498; x_wconf 84' lang='lat' dir='ltr'><strong>videar,</strong></span> <span class='ocrx_word' id='word_1_118' title='bbox 882 1425 949 1504; x_wconf 89' lang='lat' dir='ltr'><strong>quia</strong></span> <span class='ocrx_word' id='word_1_119' title='bbox 957 1446 1019 1485; x_wconf 88' lang='lat' dir='ltr'><strong>cum</strong></span> 
     </span>
     <span class='ocr_line' id='line_1_15' title="bbox 97 1516 1017 1597; baseline -0.001 -20"><span class='ocrx_word' id='word_1_120' title='bbox 97 1519 229 1597; x_wconf 86' lang='lat' dir='ltr'><strong>Scipione</strong></span> <span class='ocrx_word' id='word_1_121' title='bbox 239 1520 372 1590; x_wconf 82' lang='lat' dir='ltr'><strong>vixerim3</strong></span> <span class='ocrx_word' id='word_1_122' title='bbox 392 1537 515 1596; x_wconf 89' lang='lat' dir='ltr'><strong>quocum</strong></span> <span class='ocrx_word' id='word_1_123' title='bbox 528 1516 598 1574; x_wconf 90' lang='lat' dir='ltr'><strong>mihi</strong></span> <span class='ocrx_word' id='word_1_124' title='bbox 611 1516 765 1595; x_wconf 86' lang='lat' dir='ltr'><strong>conjuncta</strong></span> <span class='ocrx_word' id='word_1_125' title='bbox 778 1537 847 1575; x_wconf 88' lang='lat' dir='ltr'><strong>cura</strong></span> <span class='ocrx_word' id='word_1_126' title='bbox 859 1516 894 1576; x_wconf 90' lang='lat' dir='ltr'><strong>de</strong></span> <span class='ocrx_word' id='word_1_127' title='bbox 906 1536 938 1575; x_wconf 90' lang='lat' dir='ltr'><strong>re</strong></span> <span class='ocrx_word' id='word_1_128' title='bbox 952 1518 1017 1595; x_wconf 91' lang='lat' dir='ltr'><strong>pub·</strong></span> 
     </span>
     <span class='ocr_line' id='line_1_16' title="bbox 96 1607 1016 1689; baseline -0.003 -21"><span class='ocrx_word' id='word_1_129' title='bbox 96 1610 150 1669; x_wconf 89' lang='lat' dir='ltr'><strong>lica</strong></span> <span class='ocrx_word' id='word_1_130' title='bbox 164 1617 194 1669; x_wconf 91' lang='lat' dir='ltr'><strong>et</strong></span> <span class='ocrx_word' id='word_1_131' title='bbox 212 1611 247 1669; x_wconf 95' lang='lat' dir='ltr'><strong>de</strong></span> <span class='ocrx_word' id='word_1_132' title='bbox 266 1611 377 1689; x_wconf 86' lang='lat' dir='ltr'><strong>privata</strong></span> <span class='ocrx_word' id='word_1_133' title='bbox 397 1609 462 1680; x_wconf 91' lang='lat' dir='ltr'><strong>fuit,</strong></span> <span class='ocrx_word' id='word_1_134' title='bbox 477 1628 600 1686; x_wconf 88' lang='lat' dir='ltr'><strong>quocum</strong></span> <span class='ocrx_word' id='word_1_135' title='bbox 620 1612 650 1666; x_wconf 92' lang='lat' dir='ltr'><strong>et</strong></span> <span class='ocrx_word' id='word_1_136' title='bbox 671 1607 772 1666; x_wconf 90' lang='lat' dir='ltr'><strong>domus</strong></span> <span class='ocrx_word' id='word_1_137' title='bbox 793 1607 850 1665; x_wconf 90' lang='lat' dir='ltr'><strong>fuit</strong></span> <span class='ocrx_word' id='word_1_138' title='bbox 871 1612 901 1666; x_wconf 92' lang='lat' dir='ltr'><strong>et</strong></span> <span class='ocrx_word' id='word_1_139' title='bbox 920 1607 1016 1666; x_wconf 86' lang='lat' dir='ltr'><strong>militia</strong></span> 
     </span>
     <span class='ocr_line' id='line_1_17' title="bbox 96 1697 1015 1778; baseline -0.001 -18"><span class='ocrx_word' id='word_1_140' title='bbox 96 1703 263 1775; x_wconf 87' lang='lat' dir='ltr'><strong>communis,</strong></span> <span class='ocrx_word' id='word_1_141' title='bbox 284 1707 314 1760; x_wconf 93' lang='lat' dir='ltr'><strong>et</strong></span> <span class='ocrx_word' id='word_1_142' title='bbox 335 1701 365 1759; x_wconf 94' lang='lat' dir='ltr'><strong>id</strong></span> <span class='ocrx_word' id='word_1_143' title='bbox 387 1700 494 1778; x_wconf 91' lang='lat' dir='ltr'><strong>inquo</strong></span> <span class='ocrx_word' id='word_1_144' title='bbox 519 1704 563 1758; x_wconf 88' lang='lat' dir='ltr'><strong>est</strong></span> <span class='ocrx_word' id='word_1_145' title='bbox 585 1699 678 1759; x_wconf 85' lang='lat' dir='ltr'><strong>omnis</strong></span> <span class='ocrx_word' id='word_1_146' title='bbox 698 1697 740 1758; x_wconf 91' lang='lat' dir='ltr'><strong>vis</strong></span> <span class='ocrx_word' id='word_1_147' title='bbox 761 1699 910 1773; x_wconf 84' lang='lat' dir='ltr'><strong>amicitiae,</strong></span> <span class='ocrx_word' id='word_1_148' title='bbox 923 1700 1015 1759; x_wconf 92' lang='lat' dir='ltr'><strong>volun·</strong></span> 
     </span>
     <span class='ocr_line' id='line_1_18' title="bbox 95 1790 1015 1869; baseline -0.002 -19"><span class='ocrx_word' id='word_1_149' title='bbox 95 1798 198 1864; x_wconf 87' lang='lat' dir='ltr'><strong>tatum,</strong></span> <span class='ocrx_word' id='word_1_150' title='bbox 210 1792 378 1863; x_wconf 87' lang='lat' dir='ltr'><strong>studiorum,</strong></span> <span class='ocrx_word' id='word_1_151' title='bbox 390 1790 599 1850; x_wconf 87' lang='lat' dir='ltr'><strong>sententiarum</strong></span> <span class='ocrx_word' id='word_1_152' title='bbox 613 1811 723 1849; x_wconf 89' lang='lat' dir='ltr'><strong>summa</strong></span> <span class='ocrx_word' id='word_1_153' title='bbox 733 1792 892 1850; x_wconf 88' lang='lat' dir='ltr'><strong>consensio.</strong></span> <span class='ocrx_word' id='word_1_154' title='bbox 918 1792 1015 1869; x_wconf 80' lang='lat' dir='ltr'><strong>Itaque</strong></span> 
     </span>
     <span class='ocr_line' id='line_1_19' title="bbox 95 1883 1015 1960; baseline 0.001 -20"><span class='ocrx_word' id='word_1_155' title='bbox 95 1888 228 1941; x_wconf 90' lang='lat' dir='ltr'><strong>nontam</strong></span> <span class='ocrx_word' id='word_1_156' title='bbox 241 1883 298 1941; x_wconf 82' lang='lat' dir='ltr'><strong>ieta</strong></span> <span class='ocrx_word' id='word_1_157' title='bbox 316 1903 362 1941; x_wconf 92' lang='lat' dir='ltr'><strong>me</strong></span> <span class='ocrx_word' id='word_1_158' title='bbox 382 1883 539 1960; x_wconf 87' lang='lat' dir='ltr'><strong>sapientiae</strong></span> <span class='ocrx_word' id='word_1_159' title='bbox 553 1903 637 1960; x_wconf 89' lang='lat' dir='ltr'><strong>quam</strong></span> <span class='ocrx_word' id='word_1_160' title='bbox 657 1883 741 1941; x_wconf 92' lang='lat' dir='ltr'><strong>modo</strong></span> <span class='ocrx_word' id='word_1_161' title='bbox 754 1884 884 1943; x_wconf 84' lang='lat' dir='ltr'><strong>Fannius</strong></span> <span class='ocrx_word' id='word_1_162' title='bbox 902 1902 1015 1943; x_wconf 91' lang='lat' dir='ltr'><strong>comme·</strong></span> 
     </span>
     <span class='ocr_line' id='line_1_20' title="bbox 95 1974 1017 2054; baseline 0.002 -22"><span class='ocrx_word' id='word_1_163' title='bbox 95 1974 216 2032; x_wconf 85' lang='lat' dir='ltr'><strong>moravit</strong></span> <span class='ocrx_word' id='word_1_164' title='bbox 235 1975 310 2033; x_wconf 84' lang='lat' dir='ltr'><strong>fama</strong></span> <span class='ocrx_word' id='word_1_165' title='bbox 330 1974 461 2046; x_wconf 88' lang='lat' dir='ltr'><strong>delectat,</strong></span> <span class='ocrx_word' id='word_1_166' title='bbox 475 1975 547 2033; x_wconf 89' lang='lat' dir='ltr'><strong>falsa</strong></span> <span class='ocrx_word' id='word_1_167' title='bbox 565 1975 741 2052; x_wconf 85' lang='lat' dir='ltr'><strong>praesertim,</strong></span> <span class='ocrx_word' id='word_1_168' title='bbox 756 1995 841 2052; x_wconf 86' lang='lat' dir='ltr'><strong>quam</strong></span> <span class='ocrx_word' id='word_1_169' title='bbox 859 1976 935 2054; x_wconf 92' lang='lat' dir='ltr'><strong>quod</strong></span> <span class='ocrx_word' id='word_1_170' title='bbox 954 1974 1017 2034; x_wconf 86' lang='lat' dir='ltr'><strong>smi-</strong></span> 
     </span>
     <span class='ocr_line' id='line_1_21' title="bbox 96 2065 1017 2146; baseline 0.002 -22"><span class='ocrx_word' id='word_1_171' title='bbox 96 2065 180 2125; x_wconf 88' lang='lat' dir='ltr'><strong>citiae</strong></span> <span class='ocrx_word' id='word_1_172' title='bbox 193 2071 309 2124; x_wconf 87' lang='lat' dir='ltr'><strong>nostrae</strong></span> <span class='ocrx_word' id='word_1_173' title='bbox 322 2065 486 2124; x_wconf 84' lang='lat' dir='ltr'><strong>memoriam</strong></span> <span class='ocrx_word' id='word_1_174' title='bbox 503 2085 586 2144; x_wconf 83' lang='lat' dir='ltr'><strong>spero</strong></span> <span class='ocrx_word' id='word_1_175' title='bbox 606 2066 807 2144; x_wconf 86' lang='lat' dir='ltr'><strong>sempiternam</strong></span> <span class='ocrx_word' id='word_1_176' title='bbox 819 2066 889 2127; x_wconf 91' lang='lat' dir='ltr'><strong>fore.</strong></span> <span class='ocrx_word' id='word_1_177' title='bbox 929 2067 1017 2146; x_wconf 87' lang='lat' dir='ltr'><strong>quue</strong></span> 
     </span>
    </p>
   </div>
   <div class='ocr_carea' id='block_1_3' title="bbox 64 2229 1043 3511">
    <p class='ocr_par' dir='ltr' id='par_1_3' title="bbox 64 2229 1043 3511">
     <span class='ocr_line' id='line_1_22' title="bbox 95 2229 1018 2293; baseline -0.001 -16"><span class='ocrx_word' id='word_1_178' title='bbox 95 2229 140 2277; x_wconf 87' lang='lat' dir='ltr'><strong>aud</strong></span> <span class='ocrx_word' id='word_1_179' title='bbox 152 2230 193 2277; x_wconf 89' lang='lat' dir='ltr'><strong>the</strong></span> <span class='ocrx_word' id='word_1_180' title='bbox 208 2244 304 2290; x_wconf 81' lang='lat' dir='ltr'><strong>passage</strong></span> <span class='ocrx_word' id='word_1_181' title='bbox 315 2230 339 2277; x_wconf 87' lang='lat' dir='ltr'><strong>in</strong></span> <span class='ocrx_word' id='word_1_182' title='bbox 350 2230 391 2277; x_wconf 90' lang='lat' dir='ltr'><strong>the</strong></span> <span class='ocrx_word' id='word_1_183' title='bbox 402 2231 439 2277; x_wconf 89' lang='lat' dir='ltr'><strong>Da</strong></span> <span class='ocrx_word' id='word_1_184' title='bbox 450 2230 505 2277; x_wconf 88' lang='lat' dir='ltr'><strong>Sen.</strong></span> <span class='ocrx_word' id='word_1_185' title='bbox 517 2232 540 2287; x_wconf 87' lang='lat'><strong>3,</strong></span> <span class='ocrx_word' id='word_1_186' title='bbox 573 2245 598 2276; x_wconf 87' lang='lat' dir='ltr'><strong>as</strong></span> <span class='ocrx_word' id='word_1_187' title='bbox 609 2230 630 2276; x_wconf 85' lang='lat' dir='ltr'><strong>if</strong></span> <span class='ocrx_word' id='word_1_188' title='bbox 639 2245 653 2276; x_wconf 84' lang='lat' dir='ltr'><strong>a</strong></span> <span class='ocrx_word' id='word_1_189' title='bbox 664 2230 787 2290; x_wconf 86' lang='lat' dir='ltr'><strong>particular</strong></span> <span class='ocrx_word' id='word_1_190' title='bbox 797 2245 889 2290; x_wconf 86' lang='lat' dir='ltr'><strong>person,</strong></span> <span class='ocrx_word' id='word_1_191' title='bbox 898 2230 974 2293; x_wconf 85' lang='lat' dir='ltr'><strong>Scipio</strong></span> <span class='ocrx_word' id='word_1_192' title='bbox 984 2230 1018 2277; x_wconf 88' lang='lat' dir='ltr'><strong>for</strong></span> 
     </span>
     <span class='ocr_line' id='line_1_23' title="bbox 96 2293 1019 2355; baseline 0.001 -15"><span class='ocrx_word' id='word_1_193' title='bbox 96 2299 178 2354; x_wconf 86' lang='lat' dir='ltr'><strong>“quae</strong></span> <span class='ocrx_word' id='word_1_194' title='bbox 190 2293 216 2340; x_wconf 86' lang='lat' dir='ltr'><strong>C.</strong></span> <span class='ocrx_word' id='word_1_195' title='bbox 230 2294 369 2351; x_wconf 85' lang='lat' dir='ltr'><strong>Salinator,”</strong></span> <span class='ocrx_word' id='word_1_196' title='bbox 387 2299 429 2341; x_wconf 83' lang='lat' dir='ltr'><strong>&amp;a</strong></span> <span class='ocrx_word' id='word_1_197' title='bbox 446 2309 499 2354; x_wconf 85' lang='lat' dir='ltr'><strong>may</strong></span> <span class='ocrx_word' id='word_1_198' title='bbox 512 2294 542 2341; x_wconf 92' lang='lat' dir='ltr'><strong>be</strong></span> <span class='ocrx_word' id='word_1_199' title='bbox 572 2295 684 2349; x_wconf 84' lang='lat' dir='ltr'><strong>instance,</strong></span> <span class='ocrx_word' id='word_1_200' title='bbox 701 2308 760 2341; x_wconf 88' lang='lat' dir='ltr'><strong>were</strong></span> <span class='ocrx_word' id='word_1_201' title='bbox 776 2300 863 2350; x_wconf 86' lang='lat' dir='ltr'><strong>meant,</strong></span> <span class='ocrx_word' id='word_1_202' title='bbox 873 2294 918 2342; x_wconf 90' lang='lat' dir='ltr'><strong>but</strong></span> <span class='ocrx_word' id='word_1_203' title='bbox 932 2294 952 2341; x_wconf 87' lang='lat' dir='ltr'><strong>ft</strong></span> <span class='ocrx_word' id='word_1_204' title='bbox 967 2309 1019 2355; x_wconf 85' lang='lat' dir='ltr'><strong>may</strong></span> 
     </span>
     <span class='ocr_line' id='line_1_24' title="bbox 95 2357 1019 2420; baseline 0.002 -17"><span class='ocrx_word' id='word_1_205' title='bbox 95 2358 219 2418; x_wconf 83' lang='lat' dir='ltr'><strong>compared</strong></span> <span class='ocrx_word' id='word_1_206' title='bbox 237 2357 292 2403; x_wconf 86' lang='lat' dir='ltr'><strong>with</strong></span> <span class='ocrx_word' id='word_1_207' title='bbox 310 2358 336 2404; x_wconf 92' lang='lat' dir='ltr'><strong>it.</strong></span> <span class='ocrx_word' id='word_1_208' title='bbox 371 2358 469 2419; x_wconf 83' lang='lat' dir='ltr'><strong>Seyffert</strong></span> <span class='ocrx_word' id='word_1_209' title='bbox 485 2358 541 2404; x_wconf 86' lang='lat' dir='ltr'><strong>cites</strong></span> <span class='ocrx_word' id='word_1_210' title='bbox 573 2358 602 2405; x_wconf 88' lang='lat' dir='ltr'><strong>be</strong></span> <span class='ocrx_word' id='word_1_211' title='bbox 618 2357 754 2418; x_wconf 79' lang='lat' dir='ltr'><strong>explained3</strong></span> <span class='ocrx_word' id='word_1_212' title='bbox 778 2357 849 2404; x_wconf 84' lang='lat' dir='ltr'><strong>“aud</strong></span> <span class='ocrx_word' id='word_1_213' title='bbox 869 2362 909 2420; x_wconf 86' lang='lat' dir='ltr'><strong>yet</strong></span> <span class='ocrx_word' id='word_1_214' title='bbox 929 2372 965 2405; x_wconf 79' lang='lat' dir='ltr'><strong>we</strong></span> <span class='ocrx_word' id='word_1_215' title='bbox 981 2371 1019 2405; x_wconf 85' lang='lat' dir='ltr'><strong>are</strong></span> 
     </span>
     <span class='ocr_line' id='line_1_25' title="bbox 95 2420 1019 2484; baseline -0.001 -16"><span class='ocrx_word' id='word_1_216' title='bbox 95 2421 193 2468; x_wconf 82' lang='lat' dir='ltr'><strong>another</strong></span> <span class='ocrx_word' id='word_1_217' title='bbox 208 2422 313 2481; x_wconf 78' lang='lat' dir='ltr'><strong>example</strong></span> <span class='ocrx_word' id='word_1_218' title='bbox 333 2420 388 2483; x_wconf 82' lang='lat' dir='ltr'><strong>(Ep.</strong></span> <span class='ocrx_word' id='word_1_219' title='bbox 404 2421 434 2467; x_wconf 88' lang='lat' dir='ltr'><strong>ad</strong></span> <span class='ocrx_word' id='word_1_220' title='bbox 445 2421 498 2468; x_wconf 90' lang='lat' dir='ltr'><strong>Div.</strong></span> <span class='ocrx_word' id='word_1_221' title='bbox 516 2421 540 2484; x_wconf 85' lang='lat' dir='ltr'><strong>ii.</strong></span> <span class='ocrx_word' id='word_1_222' title='bbox 573 2421 667 2482; x_wconf 88' lang='lat' dir='ltr'><strong>plcased</strong></span> <span class='ocrx_word' id='word_1_223' title='bbox 677 2421 753 2468; x_wconf 77' lang='lat' dir='ltr'><strong>theta</strong></span> <span class='ocrx_word' id='word_1_224' title='bbox 763 2436 817 2467; x_wconf 86' lang='lat' dir='ltr'><strong>man</strong></span> <span class='ocrx_word' id='word_1_225' title='bbox 828 2422 871 2468; x_wconf 86' lang='lat' dir='ltr'><strong>has</strong></span> <span class='ocrx_word' id='word_1_226' title='bbox 883 2422 943 2469; x_wconf 85' lang='lat' dir='ltr'><strong>been</strong></span> <span class='ocrx_word' id='word_1_227' title='bbox 953 2421 1019 2478; x_wconf 85' lang='lat' dir='ltr'><strong>born,</strong></span> 
     </span>
     <span class='ocr_line' id='line_1_26' title="bbox 96 2484 1020 2546; baseline 0.001 -14"><span class='ocrx_word' id='word_1_228' title='bbox 96 2485 136 2546; x_wconf 86' lang='lat'><strong>8):</strong></span> <span class='ocrx_word' id='word_1_229' title='bbox 155 2485 307 2545; x_wconf 87' lang='lat' dir='ltr'><strong>“complures</strong></span> <span class='ocrx_word' id='word_1_230' title='bbox 318 2485 366 2531; x_wconf 87' lang='lat' dir='ltr'><strong>dies</strong></span> <span class='ocrx_word' id='word_1_231' title='bbox 377 2486 446 2531; x_wconf 89' lang='lat' dir='ltr'><strong>nullis</strong></span> <span class='ocrx_word' id='word_1_232' title='bbox 456 2485 482 2530; x_wconf 89' lang='lat' dir='ltr'><strong>in</strong></span> <span class='ocrx_word' id='word_1_233' title='bbox 492 2484 543 2531; x_wconf 86' lang='lat' dir='ltr'><strong>aliis</strong></span> <span class='ocrx_word' id='word_1_234' title='bbox 574 2486 621 2531; x_wconf 83' lang='lat' dir='ltr'><strong>and</strong></span> <span class='ocrx_word' id='word_1_235' title='bbox 633 2485 679 2532; x_wconf 87' lang='lat' dir='ltr'><strong>this</strong></span> <span class='ocrx_word' id='word_1_236' title='bbox 694 2490 755 2531; x_wconf 87' lang='lat' dir='ltr'><strong>etate</strong></span> <span class='ocrx_word' id='word_1_237' title='bbox 764 2485 811 2531; x_wconf 82' lang='lat' dir='ltr'><strong>will</strong></span> <span class='ocrx_word' id='word_1_238' title='bbox 823 2486 908 2545; x_wconf 83' lang='lat' dir='ltr'><strong>rejoiee</strong></span> <span class='ocrx_word' id='word_1_239' title='bbox 919 2499 975 2533; x_wconf 84' lang='lat' dir='ltr'><strong>over</strong></span> <span class='ocrx_word' id='word_1_240' title='bbox 984 2485 1020 2533; x_wconf 84' lang='lat' dir='ltr'><strong>bis</strong></span> 
     </span>
     <span class='ocr_line' id='line_1_27' title="bbox 96 2548 1018 2609; baseline 0.003 -15"><span class='ocrx_word' id='word_1_241' title='bbox 96 2549 216 2596; x_wconf 80' lang='lat' dir='ltr'><strong>nisidoro</strong></span> <span class='ocrx_word' id='word_1_242' title='bbox 228 2548 321 2609; x_wconf 88' lang='lat' dir='ltr'><strong>publica</strong></span> <span class='ocrx_word' id='word_1_243' title='bbox 337 2548 481 2595; x_wconf 88' lang='lat' dir='ltr'><strong>sermonibus</strong></span> <span class='ocrx_word' id='word_1_244' title='bbox 491 2564 542 2596; x_wconf 86' lang='lat' dir='ltr'><strong>var·</strong></span> <span class='ocrx_word' id='word_1_245' title='bbox 574 2549 645 2605; x_wconf 85' lang='lat' dir='ltr'><strong>birth,</strong></span> <span class='ocrx_word' id='word_1_246' title='bbox 665 2562 690 2595; x_wconf 91' lang='lat' dir='ltr'><strong>so</strong></span> <span class='ocrx_word' id='word_1_247' title='bbox 708 2549 764 2609; x_wconf 78' lang='lat' dir='ltr'><strong>long</strong></span> <span class='ocrx_word' id='word_1_248' title='bbox 782 2564 808 2595; x_wconf 86' lang='lat' dir='ltr'><strong>as</strong></span> <span class='ocrx_word' id='word_1_249' title='bbox 823 2549 844 2595; x_wconf 90' lang='lat' dir='ltr'><strong>it</strong></span> <span class='ocrx_word' id='word_1_250' title='bbox 858 2548 919 2597; x_wconf 79' lang='lat' dir='ltr'><strong>shall</strong></span> <span class='ocrx_word' id='word_1_251' title='bbox 935 2548 1018 2597; x_wconf 51' lang='grc' dir='ltr'><strong>αἰψ’</strong></span> 
     </span>
     <span class='ocr_line' id='line_1_28' title="bbox 96 2612 1021 2673; baseline 0 -14"><span class='ocrx_word' id='word_1_252' title='bbox 96 2618 160 2659; x_wconf 88' lang='lat' dir='ltr'><strong>satus</strong></span> <span class='ocrx_word' id='word_1_253' title='bbox 189 2627 248 2670; x_wconf 82' lang='lat' dir='ltr'><strong>sum,</strong></span> <span class='ocrx_word' id='word_1_254' title='bbox 281 2627 340 2672; x_wconf 86' lang='lat' dir='ltr'><strong>qaae</strong></span> <span class='ocrx_word' id='word_1_255' title='bbox 371 2627 414 2658; x_wconf 92' lang='lat' dir='ltr'><strong>nec</strong></span> <span class='ocrx_word' id='word_1_256' title='bbox 445 2617 543 2672; x_wconf 89' lang='lat' dir='ltr'><strong>possunt</strong></span> <span class='ocrx_word' id='word_1_257' title='bbox 575 2612 674 2673; x_wconf 83' lang='lat' dir='ltr'><strong>Seyffert</strong></span> <span class='ocrx_word' id='word_1_258' title='bbox 695 2626 760 2673; x_wconf 88' lang='lat' dir='ltr'><strong>says:</strong></span> <span class='ocrx_word' id='word_1_259' title='bbox 790 2612 856 2659; x_wconf 81' lang='lat' dir='ltr'><strong>“the</strong></span> <span class='ocrx_word' id='word_1_260' title='bbox 881 2612 971 2673; x_wconf 78' lang='lat' dir='ltr'><strong>subject</strong></span> <span class='ocrx_word' id='word_1_261' title='bbox 994 2613 1021 2659; x_wconf 85' lang='lat' dir='ltr'><strong>in</strong></span> 
     </span>
     <span class='ocr_line' id='line_1_29' title="bbox 96 2674 960 2737; baseline -0.001 -13"><span class='ocrx_word' id='word_1_262' title='bbox 96 2674 190 2733; x_wconf 83' lang='lat' dir='ltr'><strong>scribi,’&#39;</strong></span> <span class='ocrx_word' id='word_1_263' title='bbox 203 2680 245 2722; x_wconf 79' lang='lat' dir='ltr'><strong>&amp;a</strong></span> <span class='ocrx_word' id='word_1_264' title='bbox 264 2675 472 2723; x_wconf 83' lang='lat' dir='ltr'><strong>Thoword‘fere’</strong></span> <span class='ocrx_word' id='word_1_265' title='bbox 485 2690 542 2737; x_wconf 88' lang='lat' dir='ltr'><strong>qua-</strong></span> <span class='ocrx_word' id='word_1_266' title='bbox 575 2680 659 2722; x_wconf 85' lang='lat' dir='ltr'><strong>‘natus</strong></span> <span class='ocrx_word' id='word_1_267' title='bbox 677 2675 752 2722; x_wconf 89' lang='lat' dir='ltr'><strong>esset’</strong></span> <span class='ocrx_word' id='word_1_268' title='bbox 771 2675 850 2722; x_wconf 85' lang='lat' dir='ltr'><strong>isuot</strong></span> <span class='ocrx_word' id='word_1_269' title='bbox 865 2676 923 2723; x_wconf 90' lang='lat' dir='ltr'><strong>imrn</strong></span> <span class='ocrx_word' id='word_1_270' title='bbox 953 2677 960 2689; x_wconf 74' lang='lat'><strong>⁹</strong></span> 
     </span>
     <span class='ocr_line' id='line_1_30' title="bbox 96 2739 1036 2800; baseline 0 -13"><span class='ocrx_word' id='word_1_271' title='bbox 96 2739 408 2788; x_wconf 82' lang='lat' dir='ltr'><strong>lities‘deimmortalitate.&#39;</strong></span> <span class='ocrx_word' id='word_1_272' title='bbox 575 2739 659 2800; x_wconf 87' lang='lat' dir='ltr'><strong>Scipio,</strong></span> <span class='ocrx_word' id='word_1_273' title='bbox 671 2739 807 2787; x_wconf 83' lang='lat' dir='ltr'><strong>whoienot</strong></span> <span class='ocrx_word' id='word_1_274' title='bbox 816 2740 981 2787; x_wconf 84' lang='lat' dir='ltr'><strong>alludedtaat</strong></span> <span class='ocrx_word' id='word_1_275' title='bbox 1033 2760 1036 2767; x_wconf 95' lang='lat'>·</span> 
     </span>
     <span class='ocr_line' id='line_1_31' title="bbox 129 2801 1022 2864; baseline -0.001 -12"><span class='ocrx_word' id='word_1_276' title='bbox 129 2806 204 2852; x_wconf 75' lang='lat' dir='ltr'><strong>Sonare</strong></span> <span class='ocrx_word' id='word_1_277' title='bbox 223 2803 402 2864; x_wconf 69' lang='lat' dir='ltr'><strong>coimmissa]</strong></span> <span class='ocrx_word' id='word_1_278' title='bbox 436 2802 487 2850; x_wconf 88' lang='lat' dir='ltr'><strong>The</strong></span> <span class='ocrx_word' id='word_1_279' title='bbox 501 2801 542 2849; x_wconf 89' lang='lat' dir='ltr'><strong>be·</strong></span> <span class='ocrx_word' id='word_1_280' title='bbox 574 2803 650 2850; x_wconf 89' lang='lat' dir='ltr'><strong>inthe</strong></span> <span class='ocrx_word' id='word_1_281' title='bbox 661 2803 783 2864; x_wconf 82' lang='lat' dir='ltr'><strong>preceding</strong></span> <span class='ocrx_word' id='word_1_282' title='bbox 791 2809 907 2860; x_wconf 85' lang='lat' dir='ltr'><strong>sentence,</strong></span> <span class='ocrx_word' id='word_1_283' title='bbox 917 2804 961 2851; x_wconf 90' lang='lat' dir='ltr'><strong>but</strong></span> <span class='ocrx_word' id='word_1_284' title='bbox 971 2803 1022 2851; x_wconf 77' lang='lat' dir='ltr'><strong>itia</strong></span> 
     </span>
     <span class='ocr_line' id='line_1_32' title="bbox 96 2866 1025 2929; baseline 0 -14"><span class='ocrx_word' id='word_1_285' title='bbox 96 2868 193 2929; x_wconf 79' lang='lat' dir='ltr'><strong>ginning</strong></span> <span class='ocrx_word' id='word_1_286' title='bbox 201 2867 227 2915; x_wconf 89' lang='lat' dir='ltr'><strong>of</strong></span> <span class='ocrx_word' id='word_1_287' title='bbox 235 2867 276 2913; x_wconf 89' lang='lat' dir='ltr'><strong>the</strong></span> <span class='ocrx_word' id='word_1_288' title='bbox 287 2871 395 2913; x_wconf 82' lang='lat' dir='ltr'><strong>sentence</strong></span> <span class='ocrx_word' id='word_1_289' title='bbox 402 2866 421 2912; x_wconf 87' lang='lat' dir='ltr'><strong>is</strong></span> <span class='ocrx_word' id='word_1_290' title='bbox 430 2866 544 2925; x_wconf 81' lang='lat' dir='ltr'><strong>ageneral</strong></span> <span class='ocrx_word' id='word_1_291' title='bbox 574 2870 599 2913; x_wconf 86' lang='lat' dir='ltr'><strong>to</strong></span> <span class='ocrx_word' id='word_1_292' title='bbox 611 2866 640 2912; x_wconf 90' lang='lat' dir='ltr'><strong>be</strong></span> <span class='ocrx_word' id='word_1_293' title='bbox 650 2867 742 2912; x_wconf 87' lang='lat' dir='ltr'><strong>derived</strong></span> <span class='ocrx_word' id='word_1_294' title='bbox 753 2866 934 2929; x_wconf 84' lang='lat' dir='ltr'><strong>grammatically</strong></span> <span class='ocrx_word' id='word_1_295' title='bbox 944 2872 987 2915; x_wconf 88' lang='lat' dir='ltr'><strong>out</strong></span> <span class='ocrx_word' id='word_1_296' title='bbox 997 2866 1025 2915; x_wconf 83' lang='lat' dir='ltr'><strong>of</strong></span> 
     </span>
     <span class='ocr_line' id='line_1_33' title="bbox 96 2930 1021 2992; baseline -0.001 -13"><span class='ocrx_word' id='word_1_297' title='bbox 96 2933 195 2989; x_wconf 81' lang='lat' dir='ltr'><strong>remark,</strong></span> <span class='ocrx_word' id='word_1_298' title='bbox 214 2931 261 2977; x_wconf 90' lang='lat' dir='ltr'><strong>and</strong></span> <span class='ocrx_word' id='word_1_299' title='bbox 279 2930 334 2977; x_wconf 86' lang='lat' dir='ltr'><strong>does</strong></span> <span class='ocrx_word' id='word_1_300' title='bbox 344 2937 387 2977; x_wconf 91' lang='lat' dir='ltr'><strong>not</strong></span> <span class='ocrx_word' id='word_1_301' title='bbox 402 2930 471 2990; x_wconf 85' lang='lat' dir='ltr'><strong>apply</strong></span> <span class='ocrx_word' id='word_1_302' title='bbox 490 2945 543 2990; x_wconf 88' lang='lat' dir='ltr'><strong>par-</strong></span> <span class='ocrx_word' id='word_1_303' title='bbox 574 2930 616 2976; x_wconf 92' lang='lat' dir='ltr'><strong>tbe</strong></span> <span class='ocrx_word' id='word_1_304' title='bbox 626 2930 719 2976; x_wconf 85' lang='lat' dir='ltr'><strong>relative</strong></span> <span class='ocrx_word' id='word_1_305' title='bbox 735 2931 811 2977; x_wconf 87' lang='lat' dir='ltr'><strong>clause</strong></span> <span class='ocrx_word' id='word_1_306' title='bbox 827 2934 835 2958; x_wconf 85' lang='lat'><em>⁴</em></span> <span class='ocrx_word' id='word_1_307' title='bbox 843 2945 915 2992; x_wconf 85' lang='lat' dir='ltr'><strong>quem</strong></span> <span class='ocrx_word' id='word_1_308' title='bbox 925 2930 1021 2989; x_wconf 64' lang='lat' dir='ltr'><strong>tamen:</strong></span> 
     </span>
     <span class='ocr_line' id='line_1_34' title="bbox 95 2992 635 3057; baseline -0.007 -14"><span class='ocrx_word' id='word_1_309' title='bbox 95 2997 201 3057; x_wconf 71' lang='lat' dir='ltr'><strong>ticulmly</strong></span> <span class='ocrx_word' id='word_1_310' title='bbox 217 2999 242 3041; x_wconf 90' lang='lat' dir='ltr'><strong>to</strong></span> <span class='ocrx_word' id='word_1_311' title='bbox 259 2994 343 3054; x_wconf 87' lang='lat' dir='ltr'><strong>Scipio.</strong></span> <span class='ocrx_word' id='word_1_312' title='bbox 376 2994 427 3040; x_wconf 86' lang='lat' dir='ltr'><strong>The</strong></span> <span class='ocrx_word' id='word_1_313' title='bbox 437 2994 543 3039; x_wconf 87' lang='lat' dir='ltr'><strong>nomina-</strong></span> <span class='ocrx_word' id='word_1_314' title='bbox 575 2992 635 3040; x_wconf 84' lang='lat' dir='ltr'><strong>&amp;c.&#39;’</strong></span> 
     </span>
     <span class='ocr_line' id='line_1_35' title="bbox 96 3055 1024 3120; baseline 0 -13"><span class='ocrx_word' id='word_1_315' title='bbox 96 3060 272 3107; x_wconf 84' lang='lat' dir='ltr'><strong>tiveto⁴natus</strong></span> <span class='ocrx_word' id='word_1_316' title='bbox 283 3055 355 3104; x_wconf 88' lang='lat' dir='ltr'><strong>eeset&#39;</strong></span> <span class='ocrx_word' id='word_1_317' title='bbox 373 3056 542 3117; x_wconf 87' lang='lat' dir='ltr'><strong>mustbesup·</strong></span> <span class='ocrx_word' id='word_1_318' title='bbox 605 3055 1024 3120; x_wconf 80' lang='lat' dir='ltr'><strong>Asto⁴idemquasi,&#39;eompareDe</strong></span> 
     </span>
     <span class='ocr_line' id='line_1_36' title="bbox 96 3119 1025 3184; baseline 0.001 -14"><span class='ocrx_word' id='word_1_319' title='bbox 96 3123 158 3184; x_wconf 90' lang='lat' dir='ltr'><strong>plied</strong></span> <span class='ocrx_word' id='word_1_320' title='bbox 176 3123 237 3170; x_wconf 82' lang='lat' dir='ltr'><strong>from</strong></span> <span class='ocrx_word' id='word_1_321' title='bbox 258 3122 298 3168; x_wconf 91' lang='lat' dir='ltr'><strong>the</strong></span> <span class='ocrx_word' id='word_1_322' title='bbox 318 3120 435 3180; x_wconf 85' lang='lat' dir='ltr'><strong>following</strong></span> <span class='ocrx_word' id='word_1_323' title='bbox 456 3119 542 3176; x_wconf 86' lang='lat' dir='ltr'><strong>clause,</strong></span> <span class='ocrx_word' id='word_1_324' title='bbox 575 3119 647 3180; x_wconf 81' lang='lat' dir='ltr'><strong>Legg.</strong></span> <span class='ocrx_word' id='word_1_325' title='bbox 665 3121 690 3167; x_wconf 70' lang='lat' dir='ltr'><strong>ii,</strong></span> <span class='ocrx_word' id='word_1_326' title='bbox 701 3123 741 3178; x_wconf 81' lang='lat'><strong>21,</strong></span> <span class='ocrx_word' id='word_1_327' title='bbox 753 3121 858 3167; x_wconf 85' lang='lat' dir='ltr'><strong>“eodem</strong></span> <span class='ocrx_word' id='word_1_328' title='bbox 873 3122 926 3169; x_wconf 88' lang='lat' dir='ltr'><strong>loeo</strong></span> <span class='ocrx_word' id='word_1_329' title='bbox 941 3136 979 3171; x_wconf 81' lang='lat' dir='ltr'><strong>ree</strong></span> <span class='ocrx_word' id='word_1_330' title='bbox 993 3123 1025 3171; x_wconf 84' lang='lat' dir='ltr'><strong>ait</strong></span> 
     </span>
     <span class='ocr_line' id='line_1_37' title="bbox 97 3182 720 3247; baseline -0.005 -14"><span class='ocrx_word' id='word_1_331' title='bbox 97 3191 180 3247; x_wconf 88' lang='lat' dir='ltr'><strong>‘quem</strong></span> <span class='ocrx_word' id='word_1_332' title='bbox 201 3185 296 3242; x_wconf 82' lang='lat' dir='ltr'><strong>tamen‚’</strong></span> <span class='ocrx_word' id='word_1_333' title='bbox 319 3189 362 3231; x_wconf 80' lang='lat' dir='ltr'><strong>&amp;a</strong></span> <span class='ocrx_word' id='word_1_334' title='bbox 403 3184 464 3230; x_wconf 88' lang='lat' dir='ltr'><strong>“Fit</strong></span> <span class='ocrx_word' id='word_1_335' title='bbox 480 3183 543 3229; x_wconf 88' lang='lat' dir='ltr'><strong>idem</strong></span> <span class='ocrx_word' id='word_1_336' title='bbox 574 3182 720 3246; x_wconf 37' lang='lat' dir='ltr'><strong>quasi,&#39;&#39;·&amp;o.</strong></span> 
     </span>
     <span class='ocr_line' id='line_1_38' title="bbox 96 3246 1043 3310; baseline 0.002 -14"><span class='ocrx_word' id='word_1_337' title='bbox 96 3250 186 3310; x_wconf 79' lang='lat' dir='ltr'><strong>quasi”</strong></span> <span class='ocrx_word' id='word_1_338' title='bbox 197 3264 285 3306; x_wconf 87' lang='lat' dir='ltr'><strong>means,</strong></span> <span class='ocrx_word' id='word_1_339' title='bbox 297 3249 339 3295; x_wconf 85' lang='lat' dir='ltr'><strong>“it</strong></span> <span class='ocrx_word' id='word_1_340' title='bbox 355 3249 375 3295; x_wconf 90' lang='lat' dir='ltr'><strong>is</strong></span> <span class='ocrx_word' id='word_1_341' title='bbox 389 3248 439 3308; x_wconf 85' lang='lat' dir='ltr'><strong>just</strong></span> <span class='ocrx_word' id='word_1_342' title='bbox 454 3261 479 3293; x_wconf 80' lang='lat' dir='ltr'><strong>aa</strong></span> <span class='ocrx_word' id='word_1_343' title='bbox 494 3246 516 3292; x_wconf 87' lang='lat' dir='ltr'><strong>if</strong></span> <span class='ocrx_word' id='word_1_344' title='bbox 529 3262 544 3293; x_wconf 93' lang='lat' dir='ltr'><strong>a</strong></span> <span class='ocrx_word' id='word_1_345' title='bbox 606 3249 698 3294; x_wconf 75' lang='lat' dir='ltr'><strong>Militia</strong></span> <span class='ocrx_word' id='word_1_346' title='bbox 710 3248 858 3309; x_wconf 77' lang='lat' dir='ltr'><strong>commuuie‚]</strong></span> <span class='ocrx_word' id='word_1_347' title='bbox 880 3248 1043 3307; x_wconf 63' lang='lat' dir='ltr'><strong>Imelluseca,</strong></span> 
     </span>
     <span class='ocr_line' id='line_1_39' title="bbox 89 3309 1026 3375; baseline 0.001 -18"><span class='ocrx_word' id='word_1_348' title='bbox 89 3312 360 3360; x_wconf 82' lang='lat' dir='ltr'><strong>manbadnaverbeeu</strong></span> <span class='ocrx_word' id='word_1_349' title='bbox 373 3309 457 3358; x_wconf 85' lang='lat' dir='ltr'><strong>born.&#39;&#39;</strong></span> <span class='ocrx_word' id='word_1_350' title='bbox 489 3310 541 3357; x_wconf 86' lang='lat' dir='ltr'><strong>The</strong></span> <span class='ocrx_word' id='word_1_351' title='bbox 572 3311 1026 3375; x_wconf 67' lang='lat' dir='ltr'><strong>companiedScipiotothcwaragafmt</strong></span> 
     </span>
     <span class='ocr_line' id='line_1_40' title="bbox 76 3373 1026 3436; baseline 0.006 -16"><span class='ocrx_word' id='word_1_352' title='bbox 76 3373 153 3420; x_wconf 78' lang='lat' dir='ltr'><strong>latter</strong></span> <span class='ocrx_word' id='word_1_353' title='bbox 158 3382 218 3436; x_wconf 80' lang='lat' dir='ltr'><strong>part</strong></span> <span class='ocrx_word' id='word_1_354' title='bbox 234 3377 265 3424; x_wconf 80' lang='lat' dir='ltr'><strong>of</strong></span> <span class='ocrx_word' id='word_1_355' title='bbox 277 3377 318 3425; x_wconf 87' lang='lat' dir='ltr'><strong>the</strong></span> <span class='ocrx_word' id='word_1_356' title='bbox 332 3382 444 3426; x_wconf 83' lang='lat' dir='ltr'><strong>sentence</strong></span> <span class='ocrx_word' id='word_1_357' title='bbox 455 3381 543 3422; x_wconf 85' lang='lat' dir='ltr'><strong>creatas</strong></span> <span class='ocrx_word' id='word_1_358' title='bbox 574 3373 698 3435; x_wconf 62' lang='lat' dir='ltr'><strong>Carthago,</strong></span> <span class='ocrx_word' id='word_1_359' title='bbox 707 3375 783 3421; x_wconf 80' lang='lat' dir='ltr'><strong>which</strong></span> <span class='ocrx_word' id='word_1_360' title='bbox 798 3375 873 3423; x_wconf 84' lang='lat' dir='ltr'><strong>ended</strong></span> <span class='ocrx_word' id='word_1_361' title='bbox 888 3374 915 3423; x_wconf 86' lang='lat' dir='ltr'><strong>in</strong></span> <span class='ocrx_word' id='word_1_362' title='bbox 928 3376 972 3425; x_wconf 87' lang='lat' dir='ltr'><strong>the</strong></span> <span class='ocrx_word' id='word_1_363' title='bbox 982 3376 1026 3427; x_wconf 86' lang='lat' dir='ltr'><strong>de·</strong></span> 
     </span>
     <span class='ocr_line' id='line_1_41' title="bbox 64 3437 972 3511; baseline 0.011 -34"><span class='ocrx_word' id='word_1_364' title='bbox 64 3447 136 3482; x_wconf 78' lang='lat' dir='ltr'><strong>some</strong></span> <span class='ocrx_word' id='word_1_365' title='bbox 146 3437 395 3511; x_wconf 47' lang='lat' dir='ltr'><strong>attentabecauee</strong></span> <span class='ocrx_word' id='word_1_366' title='bbox 408 3443 430 3495; x_wconf 91' lang='lat' dir='ltr'><strong>it</strong></span> <span class='ocrx_word' id='word_1_367' title='bbox 446 3456 548 3507; x_wconf 86' lang='lat' dir='ltr'><strong>appears</strong></span> <span class='ocrx_word' id='word_1_368' title='bbox 579 3440 698 3489; x_wconf 70' lang='lat' dir='ltr'><strong>stracten</strong></span> <span class='ocrx_word' id='word_1_369' title='bbox 706 3437 783 3505; x_wconf 68' lang='lat' dir='ltr'><strong>ottho</strong></span> <span class='ocrx_word' id='word_1_370' title='bbox 791 3438 972 3496; x_wconf 54' lang='lat' dir='ltr'><strong>timeam.</strong></span> 
     </span>
    </p>
   </div>
   <div class='ocr_carea' id='block_1_4' title="bbox 0 0 1092 3764">
    <p class='ocr_par' dir='ltr' id='par_1_4' title="bbox 0 0 1092 3764">
     <span class='ocr_line' id='line_1_42' title="bbox 0 0 1092 3764; baseline 0 0"><span class='ocrx_word' id='word_1_371' title='bbox 0 0 1092 3764; x_wconf 95' lang='lat' dir='ltr'><strong> </strong></span> 
     </span>
    </p>
   </div>
  </div>
 </body>
</html>
