2198 3758
94 168 116 225 4
422 161 528 222 CATO
549 159 703 222 MAJOR.

95 328 126 381 et
148 320 333 401 prudentiam
354 320 494 399 intelligo.
534 321 574 379 Et
597 325 696 380 temen
714 323 746 378 te
770 317 901 399 suspicor
922 318 1018 380 eisden

95 415 181 474 rebus
195 413 298 493 quibus
311 412 466 498 me-ipsum
479 412 626 491 interdum
639 411 755 490 gravius
768 411 1018 492 commoverique

94 527 160 565 rum
174 505 331 566 consolatio
345 510 375 562 et
389 505 478 584 major
491 508 536 563 est
550 508 581 563 et
592 503 625 562 in
640 503 720 562 aliud
732 507 849 582 tempus
862 503 1018 564 differenda

95 599 127 661 N
127 604 185 658 unc
198 602 302 657 sutem
314 596 473 673 visum-est
492 594 564 654 mihi
582 595 619 654 de
641 600 794 655 senectute
813 595 923 674 aliquid
941 596 1018 656 adt

94 689 282 767 conscribere.
323 691 351 746 2.
372 687 440 746 Hoc
463 686 541 746 enim
564 705 652 746 onere
675 686 753 765 quod
779 686 851 745 mihi
876 707 1018 747 commune

94 788 191 856 tecpm
209 785 255 840 est
275 785 327 838 ent
335 780 397 858 jem
410 778 542 855 urgentis
563 783 615 836 eut
635 783 713 837 certe
733 777 918 837 adventantis
932 799 1018 839 senec

93 873 168 955 tutis
188 877 219 931 et
241 877 277 961 tp
293 877 324 930 et
343 870 503 963 melipsum
522 869 611 928 levari
629 869 709 928 volo:
734 868 791 927 etsi
810 873 842 928 te
862 870 980 948 quidem
997 869 1018 931 it'

94 964 203 1022 modice
224 983 257 1022 oc
277 958 422 1040 sapienter
436 961 511 1021 sicut
525 961 621 1021 omnia
640 965 671 1020 et
688 959 764 1020 ferre
778 967 808 1020 et
821 962 950 1022 laturum
965 983 1018 1024 esse

93 1060 173 1112 certo
191 1054 258 1113 scio.
299 1053 356 1112 Sed
375 1053 453 1125 mihi,
467 1073 556 1131 quum
576 1052 612 1111 de
633 1056 784 1111 senectute
797 1053 901 1112 vellem
920 1054 1018 1133 oliqnir'

94 1144 226 1217 scribere,
247 1150 282 1202 tu
305 1144 473 1203 occurrebas
497 1144 601 1221 dignus
621 1163 656 1202 eo
682 1163 803 1218 munere
822 1164 880 1223 quo
906 1152 1018 1225 uterque

93 1242 226 1318 nostrum
239 1236 430 1295 communiter
443 1240 585 1295 uteretur.
625 1235 703 1294 Mihi
716 1235 832 1314 quidem
845 1236 889 1295 ite
898 1230 1018 1319 jucunde

93 1328 179 1408 hujus
192 1328 259 1388 libri
272 1327 413 1387 confectio
426 1327 484 1386 fuit
503 1333 536 1386 ut
557 1347 617 1385 non
636 1327 720 1385 modo
740 1347 840 1386 omnes
858 1324 1018 1388 abstemerit

94 1421 252 1480 senectutis
265 1419 420 1492 molestias,
435 1420 487 1478 sed
506 1419 633 1478 effecerit
651 1419 765 1478 mollem
779 1420 867 1479 etism
881 1426 913 1480 et
922 1422 1018 1502 jucun·

94 1513 159 1572 dum
182 1517 370 1572 senectutem.
411 1511 570 1590 Nunquam
593 1511 684 1588 igitur
706 1511 819 1570 laudari
845 1512 917 1573 setis
940 1514 1018 1593 digm

93 1604 272 1682 philosophie
293 1602 410 1682 poterit,
424 1602 471 1662 cui
491 1602 660 1689 qui-pareat
680 1623 765 1662 omne
784 1607 902 1682 tempus
923 1592 1018 1665 setst'is

93 1695 155 1753 sine
168 1695 300 1753 molestia
312 1694 405 1772 possit
419 1694 531 1771 degere.
572 1698 600 1753 3.
622 1694 680 1753 Sed
693 1695 728 1753 de
742 1695 845 1754 ceteris
858 1701 889 1755 et
903 1697 1018 1758 diximus

93 1787 185 1846 multe
198 1792 228 1846 et
242 1807 327 1865 saepe
341 1786 487 1845 dicemus:
508 1786 586 1846 hunc
598 1785 705 1845 librum
719 1786 755 1845 de
775 1793 926 1848 senectute
946 1789 1018 1849 cd'te

92 1964 199 2023 Atticus3
215 1964 252 2013 for
266 1979 352 2024 among
367 1964 435 2010 other
449 1979 540 2011 accom-
572 1963 592 2010 it
602 1978 697 2010 meone:
716 1963 1018 2031 “lwonldhsweboflryor

92 2028 231 2090 plishments
253 2027 355 2078 Cicero’s
381 2028 458 2075 friend
485 2029 542 2074 “sic
572 2027 717 2088 andmyself
731 2028 838 2075 essedol'
849 2029 1018 2079 thisbnrden!

93 2092 181 2140 Graece
187 2093 325 2154 loquebatur
332 2097 358 2139 ut
365 2092 465 2138 Athenis
472 2098 541 2139 natus
573 2092 688 2153 Compare
701 2092 743 2138 the
759 2107 801 2140 use
816 2091 844 2139 of
856 2093 940 2141 ‘volo’
952 2095 978 2142 in
989 2094 1018 2143 Dr

92 2157 233 2205 videretur.”
251 2156 340 2217 Nepos,
350 2156 435 2203 Lil'eof
440 2156 540 2213 Atticus,
573 2155 629 2266 iffi
647 2171 667 2202 c.
683 2157 703 2212 1,
721 2159 744 2213 2,
764 2157 787 2214 7,
809 2158 845 2213 19,
863 2158 1018 2214 203811th

93 2236 113 2266 c.
124 2225 148 2268 4.
622 2234 660 2266 .c.
673 2222 696 2276 3,
709 2222 731 2268 9.

128 2286 217 2340 Quibus
228 2299 265 2331 me
276 2283 363 2344 ipsam]
385 2283 442 2329 This
450 2283 469 2329 is
478 2297 541 2329 com-
605 2284 642 2329 Ec
669 2298 766 2330 munere
792 2297 837 2345 qao
850 2309 881 2318 -
892 2286 1018 2348 alerem:

60 2390 63 2394 .
93 2349 172 2410 monly
184 2347 258 2395 called
273 2363 287 2394 s
305 2362 357 2394 case
373 2347 400 2393 of
411 2349 541 2404 sttreoticn,
573 2345 631 2393 This
650 2347 735 2394 should
753 2347 782 2394 be
800 2347 930 2395 rendered:
947 2348 1018 2397 “Yor

93 2416 146 2458 ‘m'e
162 2411 254 2474 ipsum’
267 2410 448 2471 corresponding
463 2416 488 2456 to
501 2411 542 2457 the
574 2411 683 2458 occurred
699 2416 725 2457 to
745 2426 784 2458 me
802 2425 827 2458 se
846 2412 938 2474 worthy
953 2413 981 2460 of
993 2428 1018 2461 an

92 2476 221 2522 accusative
244 2473 305 2532 ‘te3’
331 2475 368 2521 for
389 2474 430 2520 the
450 2475 543 2534 regular
574 2475 671 2535 offering
686 2474 744 2522 such
759 2490 785 2521 ss
800 2473 859 2522 both
869 2475 895 2522 of
908 2477 1018 2540 usmight

92 2540 250 2586 construction
261 2539 337 2585 would
348 2538 377 2585 be
388 2542 394 2565 ⁴
404 2537 487 2599 quibus
499 2553 542 2598 ego
574 2539 643 2599 enjoy
653 2539 678 2584 in
689 2536 826 2591 common.’'¹

92 2602 160 2663 ipse,’
180 2603 223 2650 but
238 2603 284 2649 this
303 2602 380 2649 would
397 2603 488 2662 require
501 2603 543 2649 the
609 2600 873 2664 Cuiqniporeot‚&c.]
899 2602 1018 2666 'I'beposi

92 2666 251 2726 repetitiones
265 2666 306 2713 the
317 2664 372 2712 verb
388 2665 414 2711 in
429 2665 471 2712 the
481 2665 542 2713 form
573 2665 624 2712 tion
640 2665 667 2712 ol
680 2665 721 2712 the
737 2671 784 2713 two
798 2666 914 2724 relutises,
925 2668 972 2715 and
983 2668 1018 2717 tle

93 2728 269 2776 ‘commoveor’
304 2728 354 2777 ‘Ut
367 2727 540 2786 Flamininum,’
573 2729 661 2776 similer
676 2730 777 2790 position
794 2735 820 2776 st
835 2722 877 2777 tlie
896 2730 1018 2817 beginning

92 2794 112 2840 is
124 2810 137 2840 e
148 2795 195 2841 like
205 2795 316 2840 instance.
573 2792 600 2839 oi
607 2808 622 2839 e
632 2793 716 2849 clause,
728 2792 755 2839 of
767 2794 822 2854 ‘qui
836 2792 873 2850 si,’
886 2797 942 2856 ‘qui
952 2810 1014 2853 cnm,

128 2859 234 2914 Quarum
245 2856 384 2917 remoratio]
399 2855 480 2903 Cicero
488 2871 542 2917 per-
574 2857 652 2918 ‘qnod
669 2856 725 2918 qui'
746 2855 794 2919 (De
812 2857 866 2904 Am.
883 2858 933 2921 lo),
950 2859 1018 2921 ought

92 2921 151 2982 hsps
166 2922 254 2970 alludes
271 2928 296 2967 to
312 2921 353 2967 the
369 2920 473 2967 troubles
489 2920 541 2967 that
572 2923 598 2967 to
609 2919 639 2966 be
649 2920 769 2967 observed.
787 2919 864 2972 ‘Qui'
875 2921 932 2969 thus
943 2922 1018 2984 placed

92 2986 199 3034 followed
210 2984 315 3034 Caesur’s
326 2984 410 3040 death3
422 2999 456 3041 or,
465 2983 486 3030 if
493 2984 540 3030 this
572 2983 656 3031 should
671 2984 747 3046 rarely
757 2983 787 3031 bo
802 2985 931 3033 machad
940 2986 974 3049 by
983 2986 1018 3035 us

92 3052 240 3098 nesnsewas
248 3050 340 3096 written
350 3048 428 3095 before
435 3047 540 3096 Cossar's
572 3049 670 3110 English
690 3049 800 3107 relstiv03
823 3050 916 3111 though
933 3051 960 3098 in
976 3050 1018 3099 thir

92 3114 170 3172 death,
187 3115 218 3162 he
234 3112 541 3174 msyslludctothetimes
572 3113 677 3161 instance
695 3113 760 3161 ‘cui’
783 3129 837 3175 may
854 3113 884 3169 be
902 3129 929 3161 so
946 3119 1018 3163 trans

92 3177 144 3225 thet
160 3178 266 3226 followed
278 3177 383 3225 Caeser's
397 3176 504 3223 invasion
517 3176 545 3223 oi
572 3177 648 3224 lntedr
666 3181 682 3205 “
691 3177 742 3224 The
753 3178 829 3224 which
840 3179 866 3237 {s
873 3194 888 3225 e
898 3193 954 3225 msn
964 3193 1018 3228 were

93 3239 529 3366 dtr
572 3239 906 3367 librislilris
932 3242 1018 3357 tri

4 3416 6 3420 ¹
86 3367 310 3417 dicetireinditetes
323 3367 450 3431 ‘opinion’
464 3366 539 3422 ‘will'
571 3369 666 3420 wasers
684 3367 727 3414 but
743 3369 764 3416 if
779 3369 826 3416 this
844 3370 883 3415 old
901 3370 950 3417 end
963 3370 1018 3432 good

68 3430 124 3476 and
130 3435 274 3484 sometimes
287 3433 448 3485 ‘command'
478 3433 544 3484 Here
574 3431 648 3480 idiom
664 3432 794 3480 shouldhe
808 3433 916 3488 dlshhsd,
923 3449 961 3480 we
970 3450 1018 3497 mar
