2174 3764
254 184 314 243 AD
336 179 540 258 QUINTUM
558 178 767 260 FRATREM.
919 179 977 239 155

53 342 182 406 lsiaticia
204 341 360 402 itineribus
384 344 418 398 ut
446 337 471 398 si
497 337 554 397 iter
573 337 671 416 Appia
695 337 742 396 via
766 338 884 409 faceres,
905 355 978 394 neve

53 443 186 496 nteresse
212 433 368 512 quidquam
394 435 501 510 putent
526 435 627 488 utrum
653 429 756 488 Trallis
783 451 822 489 an
848 427 979 488 Formias

53 527 184 587 renea-int.
225 526 272 584 Ac
293 523 394 601 siquis
417 527 511 580 estex
530 521 618 580 servis
640 521 754 598 egregie
773 521 874 594 fidelis,
889 519 927 579 sit
946 520 979 579 in

53 617 209 680 lomesticis
222 614 311 676 rebus
325 620 356 674 et
368 613 503 693 privatis:
524 631 597 690 quae
614 632 660 671 rea
680 612 717 670 ad
729 613 854 672 officium
866 610 979 690 imperii

53 710 90 770 mi
101 715 190 788 atque
208 707 247 767 ad
264 707 389 784 aliquem
401 710 514 784 partem
532 704 575 763 rei
588 703 718 782 publicae
731 704 929 783 pertinebunt,
943 703 980 763 de'·

53 801 182 861 derebus
194 819 234 859 ne
247 798 317 878 quid
330 797 465 874 attingat.
506 796 606 854 Multa
625 795 702 854 enim
715 816 789 874 quae
806 802 885 856 recte
903 815 979 854 com.

53 891 125 951 mitti
142 891 232 951 servis
245 889 379 949 fidelibus
397 892 530 967 possunt,
544 893 644 946 tamen
663 889 803 948 sermonis
824 893 854 947 et
867 888 979 966 vitupe
1005 880 1009 891 ‘

53 983 164 1044 rationis
176 981 313 1042 vitandae
334 999 420 1040 causa
437 979 643 1038 committenda
660 999 721 1037 uon
735 985 813 1039 sunt.
854 983 901 1038 18.
923 979 980 1038 Sed

54 1074 222 1152 nescioquo
244 1077 330 1153 pacto
354 1072 391 1130 ad
413 1070 608 1150 praecipiendi
630 1070 771 1130 rationem
796 1071 911 1149 delapsa
934 1077 979 1130 est

57 1166 138 1226 oratio
154 1185 228 1238 mea,
242 1184 333 1243 quum
353 1163 385 1222 id
403 1162 474 1221 mihi
486 1162 667 1240 propositum
685 1162 770 1222 initio
788 1183 849 1220 uon
866 1162 978 1222 suisset.

60 1255 127 1330 Quid
146 1258 225 1316 enim
246 1257 274 1315 ei
296 1254 471 1334 praecipiam
492 1274 578 1332 quem
600 1274 654 1330 ego
678 1253 710 1312 iu
733 1255 787 1313 hoc
810 1254 980 1333 praesertim
1047 1241 1049 1245 ἲ

61 1364 150 1423 genere
162 1347 325 1425 intelligam
335 1344 490 1425 prudentia
502 1365 562 1404 uon
575 1365 639 1404 esse
651 1344 815 1405 inferiorem
826 1365 910 1424 quam
924 1365 979 1419 me,

63 1456 108 1498 nau
121 1461 186 1501 vero
207 1440 297 1499 etiam
318 1436 519 1516 superiorem?
560 1437 617 1496 Sed
636 1441 735 1496 tamen
756 1438 781 1496 si
800 1438 836 1497 ad
856 1457 980 1515 eaquae

64 1526 153 1592 faceres
171 1530 330 1591 auctoritas
350 1529 498 1588 accederet
512 1549 583 1601 mea,
597 1528 652 1587 tibi
665 1528 728 1607 ipsa
745 1529 794 1588 illa
806 1529 906 1607 putavi
919 1528 981 1588 fore

64 1616 224 1696 jucundiora.
261 1622 359 1696 Quare
373 1620 433 1680 sint
445 1620 516 1679 haec
529 1620 718 1679 fundamenta
732 1620 881 1699 dignitatis
895 1628 980 1695 tuae3

66 1713 105 1771 tra
114 1715 237 1792 primum
250 1712 405 1790 integritas
419 1716 450 1770 et
463 1711 658 1771 coutinentia:
677 1712 780 1772 deinde
793 1714 920 1773 omnium
932 1715 981 1793 qui

67 1802 144 1863 lecum
156 1813 227 1865 sunt
240 1804 351 1882 pudor:
372 1803 500 1862 delectus
518 1804 551 1861 iu
563 1802 807 1863 familiaritatibus
824 1811 855 1864 et
868 1807 981 1884 provin-

68 1891 162 1956 cialium
180 1897 333 1956 hominum
356 1901 387 1954 et
410 1896 587 1954 Graecorum
610 1900 766 1973 percautus
789 1901 820 1955 et
843 1898 981 1976 diligens:

67 1980 169 2048 fluidae
191 1987 286 2067 gravis
310 1992 341 2045 et
364 1992 500 2046 constans
520 1985 678 2065 disciplina.
720 1991 767 2046 19.
789 1988 871 2062 Quae
892 2010 982 2067 quum

67 2071 169 2140 lanata
182 2081 243 2140 siut
261 2079 295 2138 in
315 2078 361 2137 his
382 2078 501 2157 privatis
522 2077 631 2137 uostris
648 2078 878 2158 quotidianisque
895 2081 982 2139 ratio·

53 2168 142 2249 ,nibus
154 2174 187 2234 in
198 2177 285 2231 tauto
298 2170 426 2249 imperio,
441 2176 502 2228 tam
516 2169 677 2248 depravatis
695 2170 830 2245 moribus,
844 2177 905 2231 tam
922 2192 982 2231 eor-

66 2264 175 2342 ruptrice
194 2262 350 2343 provincia,
372 2261 467 2322 diviua
489 2261 642 2320 videantur
663 2281 781 2321 necesse
805 2269 859 2323 est.
899 2265 984 2324 Haec

66 2347 197 2416 hetitutio
210 2360 299 2433 atque
317 2354 389 2412 haec
408 2352 557 2431 disciplina
574 2357 672 2431 potest
693 2354 836 2414 sustinere
852 2355 884 2414 iu
896 2356 983 2415 rebus

66 2446 214 2521 intuendis
234 2451 266 2504 et
286 2444 473 2504 decernendis
496 2463 559 2502 eam
580 2444 761 2503 severitatem
774 2467 831 2525 qua
849 2451 884 2506 tu
901 2447 933 2506 iu
947 2448 983 2507 iis

65 2534 138 2599 Rebus
150 2558 222 2599 usus
236 2557 268 2596 es
286 2556 322 2594 ex
335 2536 440 2614 quibus
453 2535 608 2594 nonnullas
622 2535 783 2595 simultates
796 2557 862 2596 cum
880 2559 985 2616 magna

64 2645 117 2688 mea
133 2629 245 2690 laetitia
265 2633 414 2706 susceptas
434 2627 581 2686 habemus.
622 2627 689 2686 Nisi
706 2627 783 2688 forte
804 2651 850 2690 me
867 2631 985 2691 Paeonii

63 2721 148 2782 nescio
173 2721 257 2801 cujus
283 2719 408 2779 hominis
434 2739 472 2778 ne
494 2717 599 2778 Graeci
621 2718 736 2796 quidem
762 2741 795 2780 ac
815 2723 907 2801 Mysii
933 2728 985 2781 aut

63 2809 176 2893 Phrygis
194 2811 295 2892 potius
315 2809 437 2889 querelis
457 2810 565 2869 moveri
583 2815 688 2888 putas;
712 2817 763 2871 aut
781 2814 916 2873 Tuscenii
936 2815 986 2874 ho·

61 2937 164 2999 fflnoe,
186 2955 213 2988 aa
235 2939 257 2987 if
277 2939 335 3002 they
361 2939 408 2986 had
437 2953 504 2986 come
535 2938 572 2985 for
581 2939 633 2985 that
643 2939 663 2986 is
679 2940 722 2987 the
737 2941 818 2989 uideat
829 2957 896 2989 aenae
905 2942 933 2989 of
945 2943 987 2990 the

60 3006 84 3053 t)
96 3018 127 3053 n
146 3005 233 3053 italien
250 3008 322 3061 town,
339 3003 453 3061 Formiae,
469 3003 506 3050 for
536 3006 610 3049 term:
628 3003 660 3049 all
676 3004 728 3050 who
745 3020 805 3052 were
816 3007 890 3052 under
901 3007 949 3052 him
961 3023 986 3054 aa

60 3067 165 3117 ium,
537 3082 552 3112 a
574 3065 771 3126 ‘paterfamilias'
805 3070 853 3116 But
881 3070 936 3116 here
957 3071 987 3117 he

87 3134 175 3183 Nescio
202 3145 248 3193 qao
270 3131 356 3193 pacto]
399 3130 422 3177 Α
444 3130 506 3176 little
536 3130 679 3192 ieapeaking
689 3131 717 3177 of
724 3132 807 3188 slaves,
816 3133 852 3179 for
861 3134 917 3194 they
928 3149 988 3182 were

59 3195 146 3245 tutha·
156 3211 189 3245 on
204 3196 304 3242 therela
320 3195 412 3241 ‘nescio
423 3192 505 3254 cujua.'
540 3194 726 3255 comprehended
737 3196 811 3243 under
823 3197 940 3245 ‘familia’

61 3259 166 3311 ‘Nudo’
186 3259 234 3307 aud
257 3257 333 3320 ‘quis'
351 3274 381 3318 go
400 3259 507 3318 together
568 3258 606 3304 Ae
632 3259 708 3318 Mysia'
729 3263 772 3305 aut
793 3261 907 3321 Phryqia
930 3260 986 3322 dea]

58 3338 84 3375 ι
97 3338 145 3375 m
160 3324 239 3379 ποιᾶς
253 3323 304 3383 just
319 3337 344 3369 aa
363 3326 435 3368 ‘sunt
449 3321 506 3384 qui‚'
540 3321 610 3368 Some
620 3321 691 3368 Mss.
704 3321 761 3368 have
773 3324 830 3378 ‘aa’
842 3326 923 3372 others
931 3325 993 3372 haue

58 3387 392 3453 ‘dqni'inoerteincesea
540 3384 613 3434 ‘sed’
649 3384 713 3435 ‘he‘
729 3387 841 3436 and‘et‘
857 3403 927 3435 emm
938 3388 1013 3434 mue

63 3451 216 3511 ‚Mad
246 3449 506 3512 Hr'eowrhousehold,
539 3452 610 3502 often
621 3450 970 3502 eonioundedinthehhhh.
