2198 3758
251 154 310 216 An
332 155 537 232 sumnum
556 155 765 219 maman
919 157 978 217 ese

62 307 128 370 fldem
139 311 265 392 scriptus
280 314 331 374 sed
348 314 387 373 ad
404 314 527 392 effigiem
536 314 612 394 justi
627 313 748 392 imperii,
762 312 845 393 cujus
867 333 979 375 summa

61 403 163 476 navitas
176 406 213 465 ab
227 405 278 465 illo
291 406 461 485 philosopho
476 427 542 467 cum
556 406 695 484 singulari
709 406 844 466 comitate
857 406 977 485 conjun-

61 492 239 588 gitrrs-qrms
250 499 366 577 quidem
379 499 468 592 libros
481 520 542 557 non
553 498 615 557 sine
629 518 716 558 causa
728 503 829 557 noster
839 498 887 557 ille
897 497 977 556 Afri-

61 601 129 648 canus
148 590 183 649 de
205 591 340 650 manibus
361 611 470 670 ponere
489 611 550 649 non
571 590 688 663 solebat,
702 590 816 648 nullum
835 595 881 649 est
900 590 977 649 enim

60 682 274 752 praetermissum
292 683 324 741 in
341 683 378 741 iis
400 682 526 742 officium
546 682 693 759 diligentis
714 687 745 741 et
765 681 907 740 moderati
924 681 976 740 im·

59 771 239 853 perii—eaque
250 774 276 834 si
285 775 327 833 sic
337 775 427 834 coluit
437 773 543 851 illequi
552 774 682 852 privatus
690 773 808 832 futurus
817 793 976 851 numquam

59 858 106 938 ht,
115 887 238 950 qquln
250 867 336 926 modo
349 867 503 926 retinenda
517 874 588 930 sunt
600 866 636 925 iis
650 866 754 944 quibus
767 866 920 944 imperium
933 865 976 926 ita

59 949 190 1018 numen
200 964 236 1018 ut
246 959 410 1031 redderent,
420 965 450 1018 et
464 959 500 1018 ab
514 959 550 1017 iis
563 959 590 1017 le
613 958 676 1018 'bus
685 958 786 1017 datum
799 963 844 1016 est
857 958 975 1043 agl-gups
1020 1026 1032 1040 .

122 1162 152 1202 re
164 1141 273 1202 erenda
293 1142 330 1201 iis
352 1142 403 1222 qui
422 1149 562 1221 praesunt
581 1142 653 1216 aliis,
672 1147 707 1201 ut
726 1143 751 1224 ii·
766 1141 817 1220 qui
836 1147 923 1200 erunt
942 1143 976 1202 in

59 1244 136 1291 torum
148 1234 270 1313 imperio
284 1235 344 1293 sint
358 1254 443 1312 quam
455 1234 629 1293 beatissimi:
644 1233 721 1312 quod
734 1234 789 1293 tibi
802 1238 833 1293 et
848 1254 911 1293 esse
924 1254 974 1293 an·

59 1317 239 1399 &onesimum
250 1331 281 1384 et
294 1327 330 1384 ab
343 1325 428 1385 initio
441 1325 531 1384 fuisse
542 1332 577 1385 ut
590 1327 715 1404 primum
724 1325 826 1384 Asiam
840 1325 973 1403 attigisti,

60 1422 189 1477 tonstante
212 1417 289 1476 fama
308 1423 396 1496 atque
416 1418 545 1477 omnium
568 1438 699 1476 sermone
723 1419 898 1477 celebratum
918 1423 973 1478 est.

59 1497 99 1564 ht
109 1517 202 1568 autem
215 1530 277 1568 non
295 1507 381 1568 modo
403 1510 464 1589 ejus
479 1509 528 1588 qui
543 1510 627 1569 sociis
646 1516 676 1568 et
690 1509 808 1584 civibus,
822 1510 973 1569 sedetiam

60 1592 162 1677 ejusqui
176 1601 275 1673 servis,
286 1601 336 1678 qui
349 1602 438 1660 mutis
452 1602 612 1679 pecudibus
625 1601 742 1681 praesit,
754 1621 854 1660 eorum
868 1602 973 1680 quibus

59 1692 143 1759 puerit
155 1693 312 1751 commodis
326 1693 504 1771 utilitatique
525 1693 639 1753 servire.
680 1697 728 1752 25.
751 1693 843 1773 Cujus
857 1694 973 1771 quidem

59 1783 148 1850 genem
171 1790 304 1843 constare
324 1785 403 1843 inter
424 1805 523 1844 omnes
539 1785 622 1844 video
641 1785 693 1845 abs
711 1790 741 1844 te
762 1806 903 1845 summam
924 1786 972 1844 ad·

59 1863 128 1934 lteri
146 1876 341 1954 diligentiam:
365 1877 479 1936 nullum
499 1897 547 1936 aes
569 1877 695 1955 alienum
712 1898 820 1937 novum
840 1876 973 1936 contrahi

59 2020 93 2096 fito
110 2029 134 2076 of
145 2031 199 2078 this
226 2031 351 2092 disjointed
378 2036 488 2079 sentence
520 2031 640 2078 Professor
666 2032 720 2093 Kcy
745 2032 857 2087 remarks,
882 2032 938 2093 only
958 2047 973 2079 a

59 2090 98 2137 wa
106 2094 143 2141 tha
152 2095 230 2142 words
241 2095 368 2142 ‘moderati
377 2095 486 2156 imperii‚'
518 2096 578 2142 form
593 2096 620 2142 of
636 2095 730 2158 ‘quod,'
742 2097 783 2143 the
798 2096 896 2156 original
912 2096 972 2143 form

59 2147 136 2204 tacis
152 2159 253 2219 nothing
263 2159 299 2206 for
309 2159 350 2205 the
361 2160 486 2206 word‘ea'
519 2159 546 2207 of
565 2159 616 2206 ‘ut’
635 2160 706 2220 being
727 2158 798 2207 ‘cut'
831 2162 865 2208 As
886 2164 912 2206 to
930 2161 972 2207 the

59 2213 146 2269 trefer-
166 2229 200 2280 to,
225 2227 308 2284 except
331 2223 372 2269 the
393 2224 487 2283 general
518 2224 741 2284 varioususagesof
755 2223 814 2279 ‘ut'
826 2239 865 2271 see
879 2224 971 2271 theer-

59 2287 112 2341 ἢκ,
121 2287 195 2333 which
203 2302 257 2347 may
265 2287 295 2334 be
306 2288 416 2334 collected
427 2288 487 2334 from
518 2288 619 2348 position
635 2289 660 2334 in
672 2286 745 2349 Key’s
757 2289 828 2334 Latin
840 2288 971 2346 Gmmmer,

59 2341 102 2393 'bat
120 2350 161 2397 has
187 2351 345 2412 immediately
365 2352 486 2412 preceded.
521 2353 589 2406 1457.

59 2400 117 2486 lfiplle
135 2415 207 2500 refers
227 2416 322 2477 ‘eaque'
334 2422 359 2462 to
371 2416 487 2462 ‘officium
554 2416 701 2462 Celebratum
713 2416 768 2477 eet]
787 2415 809 2462 Α
820 2415 884 2463 word
895 2430 971 2463 some-

59 2490 284 2604 Ὶο[4νιιιὲ[ᾳὶῒιῗεζίνηυνη,]
304 2542 452 2604 ‘Antiquus'
460 2558 487 2590 or
518 2479 725 2590 dabitadiridcbldwtao
735 2480 972 2604 bhnddiiglisahflbdred

59 2603 155 2663 'tatiana’
176 2607 229 2653 thet
246 2607 321 2653 which
342 2607 444 2654 ishont
459 2622 487 2653 or
518 2608 579 2654 from
599 2608 626 2664 it,
641 2608 704 2654 with
723 2623 737 2654 a
758 2623 832 2669 vague
853 2609 971 2669 meaning.

59 2654 154 2730 brenam
182 2672 335 2731 corresponds
360 2676 386 2718 to
415 2675 485 2732 ‘pos·
518 2671 641 2719 ‘Celebre'
653 2673 673 2718 is
687 2671 863 2734 ‘tofi-equent’
877 2674 970 2728 ‘tofill

59 2731 113 2787 Μ’
128 2735 180 2781 that
201 2735 277 2781 which
294 2751 372 2783 comes
389 2736 484 2783 behind.
517 2751 542 2783 as
558 2751 573 2781 a
590 2737 667 2782 crowd
678 2735 752 2782 does!
784 2737 971 2784 Whereverthis

82 2806 162 2844 tsense
178 2800 205 2845 of
220 2800 286 2845 ‘first
296 2800 342 2846 end
353 2799 483 2856 foremost‚’
517 2800 581 2847 word
597 2815 624 2847 or
639 2797 685 2863 any
695 2801 756 2847 form
770 2801 797 2847 oi
809 2801 851 2847 the
861 2800 933 2856 word,
944 2815 971 2848 aa

59 2849 331 2925 'ffieb‘antiquissimum'
343 2864 420 2910 basin
436 2865 484 2911 this
517 2864 644 2922 ‘celebria'
687 2865 841 2922 ‘celebritas’
879 2879 970 2921 occurs,

59 2923 137 2984 muge,
153 2928 173 2974 is
189 2927 306 2974 therefore
321 2928 351 2974 its
368 2929 484 2988 primitive
515 2929 582 2976 there
599 2929 619 2976 is
637 2929 678 2976 the
693 2930 776 2976 notion
795 2929 821 2976 of
835 2941 907 2989 many
917 2943 970 2988 per·

59 2986 155 3050 ”Quium
172 2990 220 3038 and
234 2995 312 3039 ‘most
328 2991 427 3038 ancient’
439 2992 485 3040 isa
516 3008 572 3040 sons
588 3008 615 3040 or
631 3009 702 3054 many
712 2995 799 3054 things,
816 2998 859 3040 not
875 3008 890 3039 a
902 3007 969 3054 repe-

59 3035 127 3101 iahad
137 3055 254 3115 meaning.
516 3058 586 3103 tition
603 3057 635 3118 by
653 3074 668 3105 a
690 3058 763 3118 single
783 3071 876 3118 person,
898 3070 926 3104 or
946 3055 972 3108 ol

79 3108 368 3180 (ltprimum-altipeta]
419 3119 483 3167 ‘Ut’
517 3121 590 3181 single
601 3123 688 3182 things.

59 3176 85 3218 Ν
100 3179 143 3229 this
160 3197 242 3230 muse:
266 3183 349 3230 “from
371 3184 411 3230 tha
426 3184 485 3231 tima
548 3187 651 3233 Nullum
672 3185 855 3246 aea-novum]
893 3185 970 3232 Tbese

59 3228 104 3287 ’Μ
117 3261 162 3307 you
180 3249 233 3294 first
249 3253 286 3294 set
301 3247 352 3294 foot
366 3248 390 3294 in
401 3247 483 3305 Asia‚”
516 3251 643 3310 provincial
654 3251 718 3296 citios
729 3264 789 3295 were
805 3248 871 3296 often
888 3249 969 3296 loaded

59 3304 97 3350 Μ
112 3311 209 3358 without
237 3311 371 3372 ‘primuml
396 3313 443 3358 and
464 3313 484 3359 is
516 3314 572 3360 with
589 3314 662 3374 heavy
673 3313 737 3367 debt,
749 3314 823 3359 which
841 3329 895 3375 may
911 3314 970 3360 have

59 3367 148 3435 benun
158 3376 267 3422 followed
282 3375 307 3420 in
321 3376 378 3422 such
390 3391 442 3422 case
452 3376 484 3438 by
516 3378 647 3439 origineted
659 3379 687 3425 in
694 3377 884 3440 variousways3
896 3392 977 3424 some-

59 3416 177 3492 basset
194 3439 325 3486 rhdicetiwe.
359 3440 384 3488 lt
404 3441 433 3492 is,
455 3458 481 3490 es
515 3444 589 3493 fimes
609 3444 720 3508 through
747 3443 792 3493 the
815 3443 943 3491 sasoniam
968 3438 996 3483 ol
