2198 3758
129 172 166 228 aa
453 173 560 234 caro
582 150 740 236 arianos.¹
820 178 849 225 ἐ

812 227 871 323 hl·
894 238 1055 342 *remetiri

127 349 232 388 venum
252 330 394 389 fortunati
417 331 609 405 videbantur;
635 353 690 393 nec
713 333 766 393 ulli
788 334 929 396 bonarum
955 339 1065 400 artium

126 423 256 499 magistri
275 434 336 482 non
355 424 433 482 beati
452 424 583 501 putandi,
604 425 732 502 quamvis
752 428 960 488 consenuerint
987 431 1064 492 vires

18 558 23 568 .
125 520 212 592 atque
227 515 391 575 defecerint.
433 516 499 575 Etsi
508 516 566 575 ista
575 516 638 595 ipsa
649 517 1063 583 defectioviriumadolescen·

125 607 183 665 tiae
204 608 282 666 vitiis
305 608 430 666 efficitur
451 608 564 686 saepius
588 629 674 687 quam
698 610 876 685 senectutis3
905 612 1063 676 libidinosa

124 699 201 757 enim
221 704 252 758 et
271 700 465 777 intemperans
486 699 679 760 adolescentia
697 702 817 761 effetum
837 723 941 782 eorpus
969 707 1062 772 tradit

124 792 275 849 senectuti.
330 794 377 850 30.
407 791 501 868 Cyrus
524 791 639 868 quidem
666 792 743 869 apud
770 793 998 872 Xenophontem
1026 818 1061 858 eo

123 902 253 941 sermone
281 903 365 960 quem
392 882 516 941 moriens
544 882 652 956 habuit,
680 904 769 962 quum
790 884 945 944 admodum
970 907 1060 951 senex

122 980 208 1046 esset,
222 968 310 1050 negat
324 994 354 1033 se
367 994 494 1052 unquam
509 975 634 1034 sensisse
647 981 827 1035 senectutem
839 997 920 1037 suam
930 977 1059 1041 imbecil-

121 1067 220 1126 liorem
234 1067 339 1125 factam
359 1086 445 1144 quam
465 1066 658 1125 adolescentia
670 1066 783 1126 fuisset.
824 1068 888 1145 Ego
902 1069 938 1128 L.
950 1070 1057 1131 Metel·

119 1160 181 1217 lum
190 1159 308 1218 memini
317 1178 398 1236 puer,
409 1158 459 1236 qui
469 1179 558 1236 quum
572 1158 760 1236 quadriennio
769 1166 837 1238 post
851 1160 977 1222 alterum
988 1184 1057 1224 con·

120 1252 247 1311 sulatum
272 1250 406 1310 Pontifex
427 1250 574 1309 Maximus
595 1250 690 1309 faetus
710 1256 788 1310 esset
807 1251 913 1330 viginti
932 1259 964 1313 et
980 1256 1054 1317 duos

119 1365 210 1404 annos
224 1345 251 1403 ei
266 1343 423 1402 sacerdotio
441 1341 575 1421 praefuit,
589 1342 632 1400 ita
651 1342 735 1401 bonis
754 1363 817 1402 esse
834 1343 946 1405 viribus
961 1352 1055 1408 extre·

43 1444 46 1449 '
63 1490 67 1499 .
119 1458 165 1496 mo
176 1443 305 1516 ternpore
315 1435 418 1495 aetatis
429 1441 463 1494 ut
474 1434 694 1494 adolescentiam
703 1454 764 1494 non
773 1435 943 1513 requireret.
971 1439 1055 1500 Nihil

117 1514 234 1588 neeesse
255 1533 300 1586 est
318 1527 389 1584 mihi
411 1527 446 1585 de
468 1526 597 1605 meipso
621 1525 732 1599 dicere3
760 1547 934 1607 quamquam
957 1532 1053 1592 estid

118 1621 232 1699 quidem
247 1619 335 1678 senile
349 1619 493 1696 aetatique
507 1624 623 1677 nostrae
637 1618 813 1679 conceditur.

156 1713 195 1772 X.
216 1716 263 1770 31.
285 1709 437 1770 Videtisne
450 1715 484 1768 ut
495 1711 572 1789 apud
583 1711 745 1769 Homerum
759 1709 925 1789 saepissime
939 1714 1051 1776 Nestor

117 1803 152 1862 de
165 1803 323 1862 virtutibus
337 1802 397 1861 suis
411 1801 581 1881 praedicet?
621 1802 749 1861 Tertiam
762 1802 838 1861 enim
847 1803 909 1883 jam
923 1812 1050 1868 aetatem

25 1955 56 1973 μ,
116 1897 264 1956 hominum
277 1895 398 1966 vivebat,
412 1915 466 1954 neo
477 1899 539 1954 erat
550 1894 577 1954 ei
587 1895 744 1954 verendum
754 1915 792 1954 ne
801 1915 870 1954 vera
878 1898 1049 1976 praedicans

79 1993 104 2049 ἵ,
116 1989 151 2047 de
165 2010 195 2048 se
209 1988 294 2047 nimis
312 1987 459 2046 videretur
478 1993 529 2046 aut
548 1986 676 2057 insolens
696 1991 747 2045 aut
765 1987 880 2064 loquax.
920 1988 1049 2066 Etenim,

114 2087 149 2140 ut
162 2081 203 2140 ait
218 2082 372 2152 Homeru's,
384 2101 419 2138 ex
430 2080 492 2158 ejus
501 2079 601 2156 lingua
610 2078 694 2136 melle
705 2078 815 2136 dulcior
824 2078 935 2138 fluebat
945 2083 1048 2156 oratic,

114 2193 200 2251 quam
221 2173 257 2232 ad
278 2172 448 2231 suavitatem
469 2171 558 2229 nullis
580 2170 682 2248 egebat
704 2169 831 2248 corporis
854 2170 983 2232 viribus:
1018 2181 1049 2235 et

113 2270 211 2323 tamen
225 2265 283 2323 dux
295 2264 343 2322 ille
359 2262 497 2322 Graeciae
515 2281 657 2338 nusquam
676 2266 758 2340 optat
776 2266 811 2320 ut
823 2261 925 2341 Ajacis
940 2265 1047 2327 similes

112 2357 216 2415 habeat
241 2357 358 2427 decem3
388 2361 419 2414 at
441 2360 476 2413 ut
499 2354 643 2427 Nestoris,
668 2353 746 2432 quod
768 2354 794 2413 si
816 2355 962 2431 acciderit,
985 2378 1047 2419 non

112 2498 162 2545 tion
172 2513 219 2545 was
230 2498 257 2545 P.
269 2497 392 2545 Africanus
405 2496 483 2555 Major
494 2494 525 2558 (c.
537 2497 560 2553 6,
625 2496 704 2543 Atat
725 2495 856 2563 Nestoria]
893 2496 951 2544 ‘At'
970 2513 1046 2550 seems

111 2562 198 2624 notes).
233 2562 278 2608 His
298 2560 395 2608 father's
416 2560 492 2606 father
514 2574 561 2606 was
593 2558 648 2606 here
669 2563 694 2606 to
715 2574 804 2620 occupy
825 2560 867 2607 the
885 2561 952 2622 place
968 2564 1046 2613 which

111 2627 140 2674 Ir.
158 2626 278 2681 Aemilius,
296 2626 348 2671 who
365 2625 405 2671 fell
422 2629 447 2670 at
465 2623 560 2670 Cannae
594 2622 658 2669 ‘sed'
671 2623 748 2669 would
757 2637 854 2684 occupy.
887 2626 1046 2688 Asincieero

112 2688 143 2752 (c.
153 2688 202 2751 20).
235 2690 287 2736 The
296 2689 339 2736 Cn.
350 2689 396 2734 aud
406 2689 432 2735 P.
442 2688 560 2748 Scipiones
593 2684 671 2748 (Verr.
688 2687 711 2733 ii.
724 2691 746 2744 ὅ,
759 2701 779 2733 c.
791 2686 817 2750 6)
837 2687 882 2735 ‘⁴0
899 2691 1046 2750 praedarum

110 2753 355 2801 arealludedtoinc.
368 2754 405 2798 23.
592 2751 764 2811 imperatorem,
786 2765 830 2798 nec
847 2751 897 2811 jam
919 2767 974 2801 cum
998 2755 1044 2805 Μ’.

141 2818 216 2878 Apud
237 2815 429 2876 Xenophontem]
466 2812 559 2875 ‘Apud'
592 2814 694 2875 Aquilio
707 2814 813 2862 sedvero
829 2830 882 2863 cum
895 2816 982 2875 Paulis,
995 2820 1045 2868 Sei.

110 2883 182 2929 isthe
194 2895 301 2927 common
311 2879 374 2926 word
391 2878 416 2924 in
431 2878 488 2925 such
499 2893 559 2925 ease.
591 2878 700 2939 pionibus
714 2878 905 2926 eonferendum.”
937 2880 988 2929 But
1003 2885 1046 2933 the
1090 2916 1093 2925 .

110 2946 161 2993 The
176 2959 273 3008 passage
290 2943 391 2990 referred
407 2947 433 2988 to
449 2943 469 2988 is
483 2942 508 2988 in
519 2942 560 2988 the
591 2941 656 3002 place
667 2942 693 2987 of
707 2942 753 2988 ‘at'
765 2943 818 2990 isat
828 2943 869 2990 the
880 2943 1010 3009 beginning
1020 2949 1048 2996 of

109 3009 155 3056 last
165 3009 227 3057 book
238 3009 265 3055 of
278 3007 319 3054 the
330 3006 480 3067 Cyropaedia.
590 3020 606 3052 a
622 3011 731 3052 sentence
752 3020 779 3053 or
800 3006 885 3054 clause.
919 3008 1045 3061 Porcellini

141 3071 302 3134 nequieret]
338 3070 402 3116 ‘Did
409 3075 452 3115 not
462 3069 507 3116 feel
518 3068 559 3116 the
590 3069 654 3129 gives
665 3069 705 3115 the
714 3070 832 3131 following
842 3072 951 3133 example
959 3074 988 3121 of
996 3075 1043 3125 ‘et'

109 3137 222 3183 wantos!
255 3140 270 3163 “
279 3136 359 3186 Quum
370 3133 430 3180 absit
440 3148 471 3180 ne
481 3134 559 3194 requi·
590 3133 648 3180 used
662 3132 710 3180 like
729 3133 793 3180 ‘sed’
806 3132 866 3196 (Cic.
878 3136 916 3183 Ad
933 3138 986 3185 An.
1002 3140 1042 3188 vii.

60 3190 63 3198 ¹
109 3200 164 3247 ras'’
177 3199 225 3263 (De
237 3201 291 3246 Seu.
305 3198 353 3260 10).
591 3194 626 3258 6),
639 3201 654 3225 “
662 3197 718 3244 Non
728 3202 772 3255 est,
784 3198 1043 3261 inquitinperien’bun

144 3266 180 3311 10.
195 3266 237 3310 En
249 3264 298 3322 ejus
312 3263 402 3322 linqua,
419 3259 474 3320 δια]
510 3262 558 3307 Τοῦ
590 3260 743 3322 respublica,
761 3262 828 3309 etin
843 3262 890 3310 nris
906 3268 932 3310 et
949 3264 1041 3315 focis?

101 3327 149 3372 aar·
168 3327 223 3373 ἀπὸ
247 3325 363 3389 γλώσσης
381 3323 480 3388 μέλιτος
497 3326 558 3386 γλυ-
590 3323 667 3370 where
685 3337 730 3370 oue
747 3324 801 3371 MS.
818 3325 861 3373 hes
880 3327 954 3376 ‘sed'
993 3329 1043 3380 But

86 3387 224 3449 α’ωνρέεν
235 3386 313 3447 αὐδή.
348 3390 378 3438 Il.
391 3389 407 3437 i.
420 3391 476 3439 249.
508 3387 561 3436 The
590 3387 659 3435 there
673 3387 757 3434 should
774 3387 804 3435 be
820 3403 836 3436 e
852 3389 896 3437 full
912 3396 965 3454 stop
981 3394 1043 3443 ester

68 3460 182 3508 Amsaga
193 3452 333 3533 ofHomer
344 3455 426 3504 which
436 3455 458 3504 is
470 3454 564 3517 shortly
597 3450 722 3515 ‘publica'
755 3450 1046 3537 lhaneuntmmlestnn

57 3507 254 3564 maram
266 3522 297 3568 a>
308 3536 331 3570 a
342 3521 375 3570 n
389 3523 416 3571 u.
428 3524 491 3582 371,
505 3524 549 3571 aa.
601 3515 781 3571 ueroeam.
794 3513 1062 3574 aquensem.
