2198 3758
258 110 556 172 EPISTOLARUM
575 109 695 169 LIBRI
714 109 813 170 DUO.
943 113 1001 170 243

62 271 139 328 sunt
161 265 239 326 enim
260 267 397 344 permulti
418 267 521 346 optimi
537 266 592 327 viri
613 267 664 345 qui
683 265 857 326 valetudinis
871 286 958 326 eausa
970 266 1002 327 in

61 361 139 420 haee
150 359 214 418 looa
226 358 352 430 veniant,
369 364 518 438 praeterea
537 379 572 417 ex
589 359 754 436 municipiis
772 358 938 436 frequentes
952 379 1001 418 ne-

61 450 185 510 oessmii
205 449 373 529 mei—quin
394 470 502 522 omnes,
517 470 606 528 quum
627 455 658 509 te
677 450 796 509 summis
814 450 947 509 laudibus
965 450 1002 509 ad

61 543 178 604 eaelum
193 543 370 614 extulerunt,
384 543 455 600 mihi
474 542 613 600 continuo
632 540 769 600 maximas
783 541 890 619 gratias
904 546 1000 619 agant.

62 635 188 712 Negant
202 634 280 692 enim
292 653 323 693 aa
342 634 474 693 dubitare
492 634 563 712 quin
582 638 618 691 tu
630 633 702 692 meis
715 634 876 713 praeceptis
891 638 921 692 et
934 654 1001 693 oon-

62 726 139 786 siliis
159 726 361 804 obtemperans
382 726 665 804 praestantissimum
682 730 714 785 te
727 725 818 785 civem
832 732 862 785 et
876 727 1001 804 singula·

61 836 127 876 rem
141 817 287 876 consulem
300 818 445 895 praebeas.
473 817 587 892 Quibus
600 837 654 894 ego
668 836 841 894 quamquam
854 817 1001 878 verissime

62 927 184 988 possum
197 908 372 985 respondere
379 914 410 967 te
421 929 493 988 quae
503 908 591 968 faoias
604 915 658 968 tuo
667 908 778 988 judicio
791 914 822 968 et
831 915 883 968 tua
897 916 1001 989 sponte

62 1001 160 1060 faeere
179 1019 235 1059 neo
255 1000 423 1079 cujusquam
444 1020 529 1078 egere
548 1001 676 1072 oonsilio,
694 1006 793 1059 tamen
808 1021 902 1078 neque
915 1003 1001 1080 plane

63 1092 217 1167 assentior,
237 1112 276 1151 ne
294 1092 464 1151 imminuam
483 1098 564 1152 tuam
585 1092 708 1165 laudem,
729 1091 756 1150 si
775 1092 868 1151 omnis
887 1112 906 1150 a
928 1093 1000 1152 meis

64 1185 195 1246 consiliis
208 1183 339 1262 prosecta
357 1184 490 1244 videatur
501 1208 508 1256 3
527 1203 622 1261 neque
634 1183 717 1243 valde
729 1203 805 1261 nego
817 1207 824 1242 ι
845 1200 910 1242 sum
923 1183 1001 1243 enim

62 1276 174 1338 avidior
187 1276 276 1335 etiam
287 1296 374 1354 quam
389 1275 459 1334 satis
478 1280 524 1347 est
542 1274 667 1353 gloriae:
688 1280 719 1333 et
738 1280 837 1334 tamen
852 1295 914 1334 non
933 1275 1000 1335 alie·

61 1387 136 1426 num
149 1373 195 1427 est
209 1367 351 1444 dignitate
365 1371 425 1440 tua,
439 1366 516 1444 quod
529 1366 586 1444 ipsi
599 1366 811 1444 Agamemnoni
823 1387 926 1445 regum
938 1367 1001 1445 regi

61 1459 123 1518 fuit
136 1459 293 1520 honestum
311 1457 417 1517 habere
436 1458 560 1535 aliquem
580 1458 612 1516 in
625 1459 751 1518 consiliis
765 1458 911 1538 capiendis
925 1460 999 1518 Nes·

61 1557 167 1624 torem,
181 1550 251 1609 mihi
264 1569 331 1608 vero
351 1549 507 1626 gloriosum
525 1555 557 1607 to
575 1550 713 1628 juvenem
731 1550 879 1609 consulem
898 1551 1000 1609 florere

61 1642 199 1702 laudibus
224 1640 305 1719 quasi
327 1642 475 1700 alumnum
499 1640 667 1719 disciplinae
685 1661 775 1701 meae.
824 1642 859 1701 1..
884 1640 1000 1719 quidem

64 1735 181 1806 Caesar,
193 1753 281 1811 quum
293 1733 330 1792 ad
338 1753 404 1791 eum
415 1738 565 1810 aegrotum
575 1733 731 1812 Neapolim
739 1733 891 1807 venissem,
903 1754 1000 1812 quam·

62 1845 149 1905 qnam
174 1831 236 1883 erat
262 1844 419 1904 oppressus
445 1824 538 1884 totius
565 1825 693 1904 eorporis
722 1825 878 1900 doloribus,
902 1831 1001 1886 tamen

62 1922 240 1995 antequam
259 1936 305 1975 ma
325 1916 411 1994 plane
432 1915 576 1990 salutavit,
592 1916 619 1977 Ο
637 1916 678 1975 mi
696 1917 805 1990 Cicero,
819 1917 923 1997 inquit,
937 1938 1000 1994 gra-

61 2014 144 2073 tulor
155 2012 210 2072 tibi
228 2032 318 2091 quum
333 2017 450 2071 tantum
469 2011 545 2071 vales
564 2012 642 2090 apud
659 2012 839 2072 Dolabellam
857 2019 1000 2092 quantum

62 2104 88 2165 11
109 2124 165 2182 ego
188 2104 266 2182 apud
287 2103 393 2162 sororis
414 2103 506 2161 filium
524 2103 658 2176 valerem,
668 2104 729 2183 jam
743 2105 814 2163 salvi
827 2124 890 2164 esse
902 2125 1000 2184 posse·

61 2216 138 2257 mus.
177 2195 346 2257 Dolabellae
366 2215 434 2254 vero
456 2199 509 2253 tuo
535 2199 565 2254 et
589 2196 727 2271 gratulor,
750 2201 782 2255 et
805 2197 913 2274 gratias
936 2217 999 2276 ago,

61 2310 150 2369 quem
162 2289 278 2368 quidem
290 2292 402 2367 postte
415 2287 564 2366 consulem
577 2287 671 2346 solum
683 2307 838 2366 possumus
852 2309 920 2349 vere
933 2310 999 2349 oon·

61 2381 156 2443 aulam
180 2367 282 2439 dicere.
331 2378 447 2438 Deinde
464 2378 557 2436 multa
578 2378 614 2438 de
634 2379 713 2438 facto
734 2399 768 2439 ao
792 2380 827 2440 de
847 2401 880 2440 re
899 2386 999 2459 gesta3

61 2479 128 2533 tiam
136 2471 211 2532 nihil
223 2471 462 2550 magnificentius,
473 2471 547 2546 1111111
559 2471 733 2550 praeclarius
746 2478 844 2534 aetum
853 2496 998 2554 umquam,

94 2615 127 2665 la
142 2615 201 2661 baec
215 2613 279 2674 loca]
315 2613 397 2661 Cicero
407 2628 454 2659 was
464 2627 516 2660 now
548 2613 647 2661 dictator
658 2615 750 2663 Caesar.

61 2683 87 2726 at
97 2678 137 2726 his
149 2677 326 2738 Pompeianum,
337 2692 394 2723 near
405 2677 483 2724 Baiae.
584 2678 768 2740 Quum-valea]
820 2679 877 2727 This
900 2683 916 2708 “
925 2695 998 2742 quum

93 2743 127 2790 11.
141 2741 247 2802 Caesam]
283 2741 340 2788 This
355 2740 448 2797 Caesar,
463 2740 516 2787 who
547 2740 628 2788 vales'’
655 2748 720 2790 must
740 2743 771 2790 be
792 2744 920 2791 aonueoted
940 2745 998 2792 with

60 2821 110 2854 was
126 2805 208 2853 oonsnl
227 2819 275 2852 nc.
295 2806 334 2862 64,
352 2804 399 2850 had
416 2820 430 2851 a
449 2805 517 2851 sister
546 2805 673 2866 “gratulor
690 2806 759 2864 tibi,''
780 2808 818 2854 “I
840 2810 998 2868 congratulata

60 2870 136 2926 Julia,
147 2869 200 2916 who
217 2884 263 2916 was
283 2868 323 2915 the
337 2869 430 2915 mother
437 2868 464 2915 of
478 2868 514 2915 M.
546 2883 594 2930 you
608 2884 639 2916 on
655 2870 743 2932 having
760 2886 786 2918 so
804 2872 998 2920 muchinfluence

61 2933 189 2989 Antonius,
209 2933 291 2979 oonsul
311 2933 368 2979 with
390 2933 418 2980 C.
435 2932 514 2980 Julius
545 2932 603 2980 with
613 2933 761 2982 Dolabella”
779 2934 823 2981 Sea
832 2935 997 2996 Key’sGram·

60 2998 150 3046 Caesar
160 2997 186 3043 in
196 3010 245 3043 nc.
257 2999 296 3053 44,
308 2996 354 3043 and
369 3011 422 3043 now
432 2996 514 3043 oonsul
546 3011 604 3053 mar,
616 3000 685 3045 1455.

59 3061 119 3110 with
137 3060 275 3117 Dolabella3
292 3061 338 3107 aad
355 3061 397 3108 the
414 3060 515 3107 ‘sororis
578 3062 704 3120 Dafnem,
723 3061 779 3122 dae]
815 3063 860 3109 His
876 3068 996 3123 11111111-

59 3124 155 3182 filinm‚'
167 3124 245 3171 whom
260 3125 341 3172 Cicero
352 3125 477 3180 mentions,
494 3125 514 3170 is
545 3124 616 3184 ploits
627 3139 687 3171 were
702 3126 792 3186 pulling
807 3127 876 3173 down
886 3128 928 3174 tha
938 3129 997 3176 altar

60 3189 97 3236 M.
112 3188 238 3236 Antonius.
272 3188 300 3234 L.
312 3188 398 3235 Caesar
410 3203 457 3234 was
472 3202 514 3248 op·
546 3189 593 3236 and
604 3189 698 3236 oolumn
715 3190 806 3236 ereoted
822 3191 854 3250 by
869 3206 996 3253 1011111111·-

58 3253 134 3315 posed
145 3252 309 3309 toAntouiua3
321 3252 366 3299 but
375 3253 395 3299 it
405 3252 461 3299 does
471 3257 514 3299 not
546 3267 601 3298 sons
611 3253 637 3299 iu
647 3252 738 3299 honour
749 3253 775 3300 ol
788 3254 880 3312 Caesar,
892 3255 938 3302 and
952 3271 995 3316 pu-

58 3330 149 3378 appear
158 3316 211 3363 that
222 3317 252 3363 he
263 3330 309 3363 was
321 3332 336 3362 a
345 3322 413 3377 party
429 3321 455 3362 to
470 3316 511 3362 the
543 3316 639 3377 nishing
654 3317 699 3364 aaa
715 3332 775 3364 men
790 3320 903 3378 engaged
913 3321 948 3362 'ux
955 3320 1010 3362 ‘ddxs

58 3380 196 3440 conspirator
210 3381 303 3440 agaim
319 3381 361 3428 the
377 3381 457 3429 lifoof
470 3381 513 3430 the
546 3382 839 3445 mattea-mudly'xng
862 3382 954 3433 naues.
976 3377 1030 3419 m*

503 3452 568 3510 u2
