2198 3758
96 43 152 100 144
462 43 663 105 EPISTOLA

93 198 202 258 bilitari
215 199 347 260 molestia
356 220 417 261 non
425 206 549 281 oportet.
590 201 630 260 Et
640 199 777 280 quoniam
787 221 822 261 ea
829 201 1011 261 molestissim

94 290 170 350 ferre
183 292 313 352 homines
328 293 434 354 debent
447 314 520 372 quae
539 293 667 372 ipsorum
687 293 772 372 culpa
789 299 939 353 eontracta
951 297 1011 352 sunt

95 390 141 442 ert
153 384 288 462 quiddam
301 385 333 444 in
345 386 399 445 hac
411 405 444 444 re
457 385 529 444 mihi
540 386 690 445 molestius
704 385 857 445 ferendum
867 406 952 464 quam
964 384 1011 444 tibi

95 476 218 534 Factum
238 481 284 536 est
304 477 381 536 enim
400 497 465 537 mea
483 478 576 556 culpa,
596 482 699 537 contra
718 498 805 556 quam
821 482 856 536 tu
874 498 983 537 mecum
994 496 1011 535 e*

95 568 278 647 proficiscens
291 574 322 628 et
334 589 387 648 per
395 568 508 629 litteras
522 589 630 647 egeras,
646 574 681 628 ut
693 568 789 648 priore
803 589 880 629 anno
894 590 953 629 non
965 588 1011 628 suc

96 661 253 721 cederetur.
295 662 382 736 Quod
395 682 456 740 ego,
472 662 540 722 dum
555 661 643 721 saluti
656 661 800 722 sociorum
813 663 941 734 consulo,
959 662 1011 721 duu

95 752 291 831 impudentiae
308 754 514 813 nonnullorum
526 754 741 832 negotiatorum
754 753 867 828 resiste,
882 755 950 813 dum
962 773 1011 812 nos

96 850 171 903 tram
184 845 303 922 gloriam
313 850 366 904 tua
373 845 481 905 virtute
492 845 591 923 augeri
601 851 712 924 expeto,
722 845 779 904 feci
792 865 853 904 non
868 846 1008 925 sapienter

96 937 264 1016 praesertim
276 957 366 1015 quum
378 936 612 997 id'oommiserim
628 943 663 997 ut
680 937 729 996 ille
745 937 820 997 alter
833 957 928 996 annus
941 937 1011 996 etian

95 1028 216 1088 tertium
241 1034 340 1108 posset
366 1029 516 1089 adducere.
557 1033 585 1089 3.
607 1029 693 1103 Quod
719 1028 854 1106 quoniam
879 1034 1011 1109 peccatur

95 1141 192 1180 meum
205 1141 268 1180 esse
281 1121 428 1194 confiteor,
439 1126 484 1180 est
495 1121 652 1201 sapientiae
661 1125 747 1198 atque
757 1120 949 1180 humanitatis
958 1127 1011 1178 tus

96 1234 196 1273 curare
210 1218 241 1273 et
253 1214 390 1292 perficere
403 1217 438 1271 ut
451 1213 505 1272 hoc
518 1211 614 1271 minus
635 1212 779 1290 sapienter
792 1231 810 1270 a
822 1232 870 1271 me
883 1213 1011 1291 provisum

96 1305 246 1384 diligentia
265 1310 318 1365 tua
338 1305 506 1382 corrigatur.
546 1306 592 1365 Ao
610 1304 637 1364 si
655 1310 686 1364 te
703 1305 765 1384 ipse
778 1302 1011 1365 vehementiusad

95 1418 194 1458 omnes
216 1403 315 1476 partes
335 1397 410 1457 bene
431 1397 568 1456 audiendi
588 1397 729 1469 excitaris,
745 1416 806 1456 non
824 1403 860 1456 ut
879 1418 945 1457 oum
962 1394 1011 1456 aliis

96 1489 148 1550 sed
160 1495 194 1547 ut
206 1495 304 1548 tecum
319 1489 379 1569 jam
399 1488 461 1568 ipse
480 1495 592 1561 certes;
612 1489 638 1548 si
657 1509 770 1549 omnem
790 1493 872 1548 tuam
892 1494 1010 1557 mentem,

95 1600 201 1654 curam,
224 1580 436 1658 cogitationem,
458 1580 495 1640 ad
521 1581 708 1640 excellentem
729 1580 761 1639 in
784 1581 920 1640 omnibus
939 1579 1008 1640 rebus

95 1672 187 1731 laudis
202 1672 388 1751 cupiditatem
404 1672 542 1744 incitaris,
556 1671 732 1745 mihicrede,
746 1692 823 1730 unus
842 1693 935 1732 annus
948 1666 1007 1730 addi·

95 1771 144 1823 tus
157 1764 247 1823 labori
260 1770 312 1824 tuo
326 1765 484 1823 multorum
497 1785 639 1823 annorum
652 1763 793 1823 laetitiam
804 1765 898 1837 nobis,
909 1763 973 1841 glori

94 1877 162 1916 vero
176 1856 261 1916 etiam
275 1856 398 1935 posteris
411 1856 519 1915 nostris
533 1857 643 1914 afferet.
683 1859 712 1916 4.
735 1855 920 1935 Quapropter
932 1855 1006 1914 hoec

94 1948 220 2026 primum
240 1969 310 2026 rogo
329 1969 368 2007 ne
388 1948 541 2007 contrahas
561 1968 594 2007 ac
613 1947 747 2007 demittas
761 1948 898 2021 animum,
912 1945 1005 2007 nereis

95 2041 178 2100 obrui
190 2047 337 2119 tamquam
350 2041 442 2099 fluctu
455 2040 496 2099 sic
509 2040 708 2118 magnitudine
721 2040 832 2118 negotii
846 2041 938 2112 sinas3
956 2052 1004 2098 scr

94 2140 196 2212 traque
210 2133 302 2210 erigas
316 2153 348 2192 ae
361 2133 478 2192 resistas
493 2132 551 2192 sive
563 2132 651 2191 etiam
659 2132 737 2192 ultro
749 2152 883 2192 occurras
893 2125 1003 2210 negotiis.

111 2300 308 2361 flechosvum]
344 2299 374 2346 ln
390 2298 484 2347 Orelli’s
498 2299 545 2346 and
608 2300 672 2346 Bene
690 2299 813 2360 audiendi]
850 2304 865 2327 ‘⁴
874 2300 927 2347 And
943 2298 962 2345 if
973 2304 1004 2356 yffi

94 2364 162 2411 other
181 2365 279 2410 editions
295 2379 309 2410 a
323 2378 413 2410 comma
427 2365 447 2410 is
464 2364 544 2424 placed
575 2364 622 2410 will
632 2376 700 2410 rouse
709 2364 814 2424 yourself
823 2379 889 2411 more
896 2356 1004 2424 vigorourll

94 2428 199 2475 between
210 2428 275 2475 these
284 2428 375 2485 words;
388 2429 435 2475 and
444 2433 484 2490 yet
494 2428 543 2474 edi-
575 2433 600 2474 to
622 2443 678 2473 earn
699 2443 713 2473 a
733 2428 794 2487 good
815 2434 898 2488 repute
915 2429 938 2474 in
955 2432 1005 2480 eser!

94 2498 143 2540 tors
164 2493 229 2539 write
250 2492 406 2554 ‘postquam'
427 2496 543 2553 ‘pr-aeter·
574 2491 668 2551 thing.''
694 2491 783 2538 “Bene
804 2491 909 2548 audire‚'’
928 2485 1006 2537 stobe

94 2555 179 2618 qnam'
206 2572 232 2603 as
258 2571 302 2602 one
328 2557 398 2603 word.
443 2554 543 2619 (Comp.
576 2556 627 2601 well
646 2555 734 2616 spoken
751 2555 799 2612 of,”
821 2556 905 2602 “male
923 2547 1007 2607 audir0‚”

95 2621 183 2676 Cicero,
205 2621 236 2667 In
258 2621 304 2667 Pis.
324 2636 344 2667 c.
365 2625 395 2679 83
418 2621 468 2667 Liv.
488 2635 543 2666 xxx.
577 2617 1008 2675 “minuscommodeaudire,'’srefle

97 2684 145 2748 19.)
178 2685 202 2732 It
218 2701 271 2746 may
286 2690 329 2732 not
344 2685 374 2732 be
390 2699 445 2746 easy
462 2690 486 2731 to
503 2700 542 2730 er·
576 2699 631 2729 man
648 2684 800 2745 expressions,
821 2684 869 2730 like
890 2685 932 2731 the
949 2678 1010 2731 Grai

94 2749 158 2811 plain
173 2750 226 2796 how
237 2750 283 2796 this
294 2749 353 2796 form
371 2750 398 2796 of
411 2749 544 2809 expression
577 2749 600 2795 εὖ
612 2763 639 2794 οι·
650 2751 730 2802 κακῶς
742 2747 848 2794 ἀκούειν.

94 2814 230 2874 originated,
248 2814 290 2860 but
308 2814 316 2859 i
348 2815 368 2860 is
387 2814 474 2859 certain
492 2812 544 2859 that
611 2811 692 2872 Ultro]
712 2811 756 2857 See
767 2811 805 2858 De
816 2811 871 2857 Seu.
883 2827 903 2858 c.
916 2814 951 2865 ll,
961 2813 1011 2857 nota

95 2884 191 2924 ‘contra
202 2877 279 2939 quam'
292 2882 355 2924 must
365 2892 395 2936 go
405 2876 519 2936 together.
575 2876 622 2922 We
639 2879 725 2922 cannot
748 2875 861 2922 translate
883 2875 971 2922 ‘ultro'
989 2873 1011 2934 by

125 2943 157 2988 Id
166 2941 333 3001 commiserim]
361 2942 455 2987 Ernesti
465 2939 545 2985 thinks
578 2939 664 2986 ‘even’
675 2941 700 2985 in
716 2939 763 2985 this
774 2954 880 3000 passage,
893 2940 930 2986 for
947 2939 1011 2988 cisen

94 3005 203 3052 that‘id'
217 3005 300 3051 should
311 3004 415 3051 be‘ita!
442 3004 545 3064 Perhaps
577 3004 724 3064 says‘etiam
735 3002 813 3057 ultro,’
826 3005 869 3049 &c
902 3004 1011 3051 Theseus

93 3071 113 3116 it
134 3070 218 3117 should
240 3069 269 3115 be
290 3068 395 3115 omitted.
430 3068 481 3114 ‘To
502 3072 545 3128 put
576 3067 596 3114 is
608 3069 677 3122 clear,
688 3067 779 3127 though
788 3067 808 3113 it
819 3068 1011 3128 maynotbeas,

93 3132 207 3193 together’
218 3134 238 3179 is
249 3133 307 3179 used
317 3133 372 3178 here
383 3132 429 3178 and
439 3131 464 3177 in
475 3146 546 3192 many
576 3136 602 3177 to
613 3146 714 3192 express.
736 3131 838 3182 Quintus
849 3132 870 3178 is
880 3132 931 3178 told
942 3138 966 3180 to
977 3135 1011 3179 ‘rs

89 3198 160 3244 other
180 3211 244 3244 cases
263 3200 301 3244 ‘to
321 3200 359 3244 act
377 3196 402 3241 in
420 3195 478 3242 such
494 3210 545 3256 way
576 3194 633 3254 sist‚'
645 3195 721 3242 which
736 3195 828 3256 implies
844 3196 955 3258 standing
965 3195 1011 3244 oucl

81 3262 137 3309 that
159 3279 173 3311 a
195 3263 288 3312 certain
317 3276 480 3325 consequence
504 3259 549 3308 iol·
580 3259 684 3320 grounds
707 3257 752 3305 hut
777 3258 859 3306 Cicero
880 3260 947 3318 adds,
969 3264 1011 3308 ‘an

69 3326 156 3376 Iows)
589 3338 650 3371 eren
666 3335 696 3382 go
708 3325 737 3367 ta
749 3322 933 3378 meetmouhlsi
955 3325 1011 3373 «hm
