2174 3764
270 185 327 246 An
348 186 550 263 curiarum
569 187 780 248 naamam.
929 192 987 250 mo

53 343 450 424 erudivitnequaquamsatis
460 365 523 405 esse
533 345 628 424 ipsum
638 345 690 405 has
700 351 731 405 te
741 346 847 406 habere
854 346 986 420 virtutes,

52 437 103 497 sed
124 456 190 496 esse
212 435 499 515 circumspiciendum
517 437 671 515 diligenter
683 442 718 497 ut
735 438 767 496 in
783 437 837 498 hac
856 437 987 497 custodia

51 528 216 607 provinciae
229 547 291 587 non
302 533 334 586 te
351 548 443 587 unum
464 529 515 588 'sed
535 548 634 588 omnes
654 529 803 588 ministros
815 529 928 608 imperii
940 530 986 590 tui

53 620 136 680 sociis
150 625 183 679 et
196 619 307 679 civibus
320 624 351 678 et
363 619 549 698 reipublicae
562 626 708 697 praestare
721 620 843 681 videare.
879 621 985 695 Quam·

51 731 137 790 qnam
150 711 264 788 legatos
277 710 365 770 habes
378 731 427 771 eos
442 711 491 790 qui
504 711 560 790 ipsi
572 732 624 790 per
637 731 668 771 se
684 711 812 771 habituri
826 712 885 772 sint
898 713 984 772 ratio·

50 822 117 863 nem
128 801 281 881 dignitatis
292 822 369 876 suaa,
380 802 416 861 de
427 802 530 880 quibus
541 803 649 863 honore
659 809 690 862 et
701 803 843 880 dignitate
851 808 881 862 et
890 809 984 864 aetate

50 898 181 973 praestat
204 893 327 966 Tubero,
350 913 436 972 quem
462 914 516 973 ego
543 894 674 966 arbitror,
700 895 869 972 pracsertim
895 915 985 973 quum

52 990 158 1051 scribat
172 989 331 1061 historiam,
345 989 452 1048 multos
470 1009 505 1047 er
518 988 578 1048 suis
597 988 748 1048 annalibus
761 1008 845 1067 posse
860 988 984 1066 deligere

52 1101 123 1160 quos
141 1080 214 1140 velit
235 1085 266 1138 et
289 1080 381 1159 possit
399 1079 524 1139 imitari:
549 1080 681 1139 Ailienus
700 1085 799 1138 autem
817 1085 918 1140 noster
938 1085 984 1140 est

52 1192 140 1250 quum
161 1171 260 1230 animo
281 1177 311 1230 et
329 1170 529 1231 benevolentia
548 1176 616 1233 tum
629 1191 695 1231 vero
715 1172 802 1230 etiam
822 1171 983 1232 imitatione

52 1262 173 1323 vivendi.
214 1263 246 1320 N
247 1282 293 1321 am
307 1262 377 1341 quid
394 1282 447 1340 ego
467 1262 502 1322 de
518 1263 651 1323 Gratidio
668 1263 785 1322 dicam?
805 1283 891 1341 quem
903 1268 983 1323 certo

54 1355 110 1414 scio
122 1355 166 1415 ita
177 1355 309 1414 laborare
322 1354 358 1414 de
379 1354 588 1413 existimatione
609 1374 661 1413 sua
679 1360 714 1413 ut
727 1360 845 1433 propter
857 1375 983 1414 amorem

55 1446 84 1506 in
95 1467 148 1506 nos
157 1445 319 1506 fraternum
331 1445 418 1504 etiam
429 1444 464 1505 de
476 1451 577 1504 nostra
586 1445 705 1505 laboret.
733 1449 780 1505 11.
793 1446 983 1521 Quaestorem

55 1537 138 1598 habes
151 1558 214 1597 non
226 1542 280 1596 tuo
289 1536 398 1616 judicio
412 1536 555 1596 delectum
574 1537 625 1596 sed
639 1557 705 1596 cum
719 1557 803 1616 quem
818 1556 879 1596 sors
893 1537 981 1596 dedit.

56 1629 142 1693 Hunc
155 1633 273 1709 oportet
287 1635 317 1688 et
331 1648 383 1687 sua
396 1634 499 1707 sponte
513 1648 576 1687 esse
588 1628 775 1703 moderatum,
787 1635 817 1687 et
826 1628 886 1688 tuis
900 1628 983 1688 insti·

56 1721 124 1782 tntis
144 1740 179 1781 ac
200 1719 362 1799 praeceptis
383 1719 589 1798 obtemperare.
630 1720 762 1795 Quorum
782 1720 807 1780 si
825 1720 889 1799 quis
907 1721 983 1781 forte

58 1818 128 1872 asset
142 1810 293 1886 sordidior,
306 1811 397 1870 ferres
413 1817 533 1870 eatenus
546 1811 641 1889 quoad
652 1831 705 1890 per
719 1831 750 1871 se
762 1812 922 1890 negligeret
935 1833 982 1872 ear

85 1992 106 2040 t.
118 1990 260 2052 Praestare]
277 1989 361 2037 Mcans
370 1994 503 2036 ‘toauawer
533 2003 628 2036 reasons
638 1988 675 2035 for
685 1988 768 2045 which,
785 1989 816 2035 he
827 2003 886 2051 says,
898 2005 984 2052 appear

61 2051 416 2116 ior,'‘tobereaponsibleior.'
445 2053 503 2099 This
534 2053 594 2099 from
613 2054 675 2110 512,
689 2055 726 2100 14.
759 2052 833 2099 Orelli
851 2054 906 2115 only
917 2070 983 2102 men·

59 2118 111 2167 isits
121 2120 283 2167 activesense.
316 2117 397 2166 Cicero
413 2131 464 2177 says
478 2116 506 2162 of
534 2116 595 2163 tione
606 2130 651 2163 ona
662 2115 715 2162 MS.
732 2115 785 2163 that
796 2117 936 2165 has‘tuae.'
971 2118 983 2165 1

60 2181 308 2245 apoorman(AdAtt.
316 2181 346 2228 vi.
356 2180 392 2244 6);
406 2181 502 2231 “Quem
533 2180 601 2226 think
617 2180 670 2226 that
683 2179 725 2226 the
740 2185 836 2227 context
847 2180 921 2228 shows
932 2182 984 2228 that

60 2252 131 2294 amen
148 2261 193 2307 ego
208 2250 326 2307 praestare
338 2259 387 2291 non
397 2259 501 2305 possum,
533 2241 616 2290 ‘suae'
627 2244 648 2290 is
658 2243 728 2303 right.

60 2315 102 2358 aa
119 2312 184 2358 enim
202 2323 244 2356 rex
263 2307 417 2370 perpauper.’'
463 2307 502 2354 He
565 2307 787 2368 Nam-Gratidio]
810 2305 881 2355 Asto
896 2307 982 2364 ‘nam'

61 2374 174 2422 muidnot
185 2373 503 2433 answarforthepayments
535 2384 573 2417 aee
586 2370 624 2418 De
642 2370 696 2417 Am.
715 2385 735 2418 c.
751 2372 790 2428 27,
806 2375 869 2418 note.
904 2372 985 2432 Siipfle

61 2436 282 2500 oiaopoorshing.
534 2434 678 2494 conjectures
696 2434 748 2481 that
766 2435 884 2482 Gratidius
906 2451 985 2483 wasa

86 2501 199 2563 Leyatoe]
242 2499 294 2546 'l'he
321 2497 420 2560 ‘legati'
447 2498 503 2546 here
534 2498 651 2559 grandson
661 2498 689 2544 of
702 2497 737 2544 M.
751 2498 869 2546 Gratidius
879 2499 906 2547 of
914 2500 983 2561 Arpi·

61 2562 145 2613 sdaded
177 2569 213 2622 to,
249 2568 361 2624 ‘persons
395 2562 502 2609 commis·
534 2577 600 2617 num,
621 2561 700 2608 whose
721 2563 788 2610 sister
808 2577 855 2609 was
882 2562 984 2611 Cicero's

61 2626 150 2687 maed:
161 2643 223 2675 ware
233 2627 258 2674 in
268 2642 282 2673 a
292 2641 389 2674 manner
399 2626 504 2687 deputies
535 2625 707 2687 grandmother.

61 2702 83 2737 or
90 2692 283 2754 representativea
293 2691 320 2737 of
333 2691 374 2737 the
383 2704 503 2750 governor.
571 2691 721 2745 Quaestmem
732 2690 814 2751 tabes]
839 2690 890 2736 The
901 2705 984 2751 quaes-

61 2752 147 2805 iuteo
162 2755 223 2803 isL.
236 2755 317 2802 Aelius
332 2753 433 2810 Tubero,
452 2753 504 2800 who
535 2757 573 2800 tor
589 2753 616 2799 of
629 2767 643 2798 a
661 2754 787 2814 proconsul
802 2769 829 2801 or
849 2759 985 2814 propraetor

60 2814 131 2869 hade
148 2834 192 2868 son
209 2818 319 2876 Quintus,
337 2833 352 2864 a
363 2817 441 2878 jurist,
458 2817 505 2863 and
535 2831 581 2864 was
598 2816 722 2877 appointed
740 2817 772 2878 by
785 2817 826 2874 lot,
839 2831 864 2862 aa
879 2817 920 2863 the
947 2832 984 2865 ss·

61 2881 104 2931 riso
127 2898 161 2931 an
187 2881 308 2930 historical'
332 2882 416 2928 writer.
462 2880 505 2927 See
537 2895 591 2941 saga
607 2881 690 2938 shows,
708 2881 755 2927 and
771 2880 850 2927 others
863 2883 911 2927 also
935 2881 984 2928 Cic.

62 2943 235 3004 Knnnvitae
251 2951 276 2993 ot
292 2944 424 3006 artavo.
441 2943 504 2990 Hist.
537 2944 698 3002 Divin.c.l9;
714 2944 930 3000 Verr.ii.l,c.13;
946 2944 984 2992 Ad

62 3007 125 3058 Rom.
166 3010 249 3059 Cicero
275 3024 327 3070 says
353 3008 381 3055 of
403 3007 504 3064 rIhhero,
537 3009 591 3055 Div.
602 3008 626 3054 ii.
640 3007 688 3071 19).
712 3007 757 3053 His
768 3007 843 3053 duties
854 3006 938 3068 chiefly
947 3023 985 3054 re.

62 3076 153 3136 “quum
164 3073 251 3122 scribat
262 3071 407 3128 historiam,’'
421 3076 436 3098 ⁴⁴
444 3073 506 3119 since
537 3071 599 3118 lated
610 3076 636 3118 to
643 3071 684 3118 the
698 3071 822 3131 pecuniary
836 3076 947 3118 accounts
961 3071 988 3120 oi

10 3132 12 3161 ³
62 3136 120 3187 heis
136 3138 240 3186 awriter
255 3136 283 3183 oi
294 3134 467 3197 history,”and
480 3149 506 3182 as
537 3134 986 3196 theprovinoe,andtooorrespondencs

10 3228 12 3237 ι
62 3200 88 3247 he
111 3203 229 3249 mentions
251 3200 288 3247 his
308 3197 442 3256 ‘Annales'
464 3199 506 3245 the
536 3199 594 3245 with
611 3199 651 3245 tho
669 3198 791 3255 aerarium,
806 3210 833 3242 or
846 3201 987 3260 treasuryet

63 3265 120 3313 work
135 3265 163 3313 oi
171 3265 265 3313 Tubero
277 3278 323 3311 was
339 3277 384 3310 one
398 3263 506 3310 thatwas
538 3263 620 3309 Rome.

61 3328 131 3377 either
147 3344 201 3377 now
219 3327 357 3389 completed,
375 3341 402 3374 or
414 3327 508 3373 written
570 3327 677 3372 Eatenus
688 3323 777 3385 quoad]
812 3322 893 3371 Cicero
905 3339 986 3374 means

62 3395 255 3441 tosomaextant.
540 3393 566 3438 to
578 3388 745 3453 say,thatthe
754 3388 946 3450 germanae
952 3394 1002 3431 aaa

85 3455 172 3517 M]
204 3453 287 3516 Sriptie
304 3454 348 3503 has
363 3454 453 3518 ‘tuae'
469 3456 512 3506 the
543 3456 605 3507 look
619 3454 740 3518 nanowhy
757 3449 1023 3500 intumescimus.

1066 3568 1075 3659 ἐ
