2174 3764
131 173 189 234 164
492 164 691 228 anchona

128 328 254 390 levitatis
276 329 336 388 ulla
359 324 490 406 suspicio,
508 345 562 385 nos
582 344 616 384 ee
637 342 709 405 quae
730 321 880 384 consecuti
899 342 1002 386 sumus
1022 321 1057 389 iis

129 421 232 481 studiis
245 425 275 480 et
288 418 398 478 artibus
412 437 475 477 esse
493 417 621 497 adeptos,
635 437 708 496 quae
731 415 790 475 sint
807 416 894 498 nohis
918 417 1056 480 Graeciae

128 511 321 572 monumentis
335 509 548 589 disciplinisque
560 510 692 569 traditae.
734 508 830 584 Quare
848 516 966 588 praeter
983 531 1054 571 com·

127 624 242 664 munem
263 602 348 662 fidem
368 621 441 680 quae
460 602 594 661 omnibus
614 601 743 673 debetur,
762 605 915 679 praeterea
933 622 988 663 nos
1007 603 1055 664 isti

127 695 274 754 hominum
297 693 397 772 generi
416 693 569 773 praecipue
590 693 693 752 debere
712 691 851 766 videmur,
874 698 912 752 ut
935 715 1054 773 quorum

127 786 287 865 praeceptis
301 807 400 845 sumus
418 785 524 847 eruditi
542 786 619 864 apud
636 805 685 845 eos
703 784 782 864 ipsoe
793 784 872 863 quod
885 785 923 846 ab
935 785 973 846 iis
986 787 1053 847 didi·

127 877 250 937 cerimus
262 878 382 937 velimus
396 897 569 956 expromere.

166 969 206 1028 X.
227 973 274 1029 29.
295 970 394 1048 Atque
406 970 454 1028 ille
468 969 582 1046 quidem
595 967 727 1048 princeps
740 967 850 1044 ingenii
863 973 897 1028 et
910 969 1053 1030 doctrinae

128 1061 212 1121 Plato
225 1068 289 1121 tum
303 1061 425 1140 denique
438 1060 500 1119 fore
513 1060 611 1120 beatas
625 1080 671 1119 res
685 1059 814 1139 publicas
827 1060 954 1138 putavit,
968 1061 1052 1120 siant

128 1153 206 1213 docti
228 1174 261 1213 ao
285 1153 428 1232 sapientes
447 1151 577 1212 homines
601 1172 649 1211 eas
668 1171 767 1229 regere
785 1152 958 1231 coepissent,
973 1150 1052 1213 autii

128 1245 178 1324 qui
190 1252 324 1324 regerent
337 1265 422 1305 omne
436 1265 520 1304 suum
539 1244 667 1303 studium
680 1244 712 1302 in
725 1243 855 1303 doctrina
868 1264 903 1304 ac
916 1244 1051 1325 sapientia

128 1338 325 1398 collocassent.
366 1338 453 1396 Hanc
467 1335 698 1415 conjunctionem
710 1334 842 1394 videlicet
855 1337 1011 1414 potestatis
1022 1354 1051 1395 ac

129 1430 285 1509 sapientiae
299 1429 385 1489 saluti
399 1429 512 1488 censuit
522 1427 686 1487 civitatibus
697 1446 759 1486 esse
767 1446 862 1505 posse.
904 1428 992 1504 Quod
1000 1427 1049 1487 for·

128 1527 206 1581 tasse
219 1521 370 1601 aliquando
390 1520 539 1580 universae
556 1519 599 1578 rei
616 1517 746 1598 publicae
764 1523 890 1593 nostrae,
903 1541 984 1581 nunc
995 1519 1050 1600 qui·

129 1614 194 1673 dem
206 1614 335 1692 proiecto
348 1613 398 1672 isti
410 1611 571 1691 provinciae
584 1610 714 1688 contigit,
727 1609 800 1670 utis
818 1610 851 1669 in
864 1631 899 1671 ea
917 1630 1049 1672 summam

127 1711 302 1784 potestatem
322 1705 441 1764 haberet
462 1704 509 1762 oui
531 1703 563 1763 in
582 1702 711 1762 doctrine
730 1701 778 1762 cui
796 1702 829 1761 in
847 1703 958 1770 ‚virtute
970 1709 1049 1783 atque

128 1796 307 1855 humanitate
319 1795 502 1875 percipienda
515 1795 669 1874 plurimum
684 1815 701 1854 a
712 1793 838 1873 pueritia
851 1797 943 1856 studii
954 1797 1048 1856 ficisset

128 1894 158 1946 et
171 1887 318 1966 temporis.
348 1890 395 1946 30.
412 1887 507 1962 Quare
522 1907 590 1946 cura
603 1892 638 1947 ut
650 1886 697 1945 hic
710 1907 804 1946 annus
818 1887 868 1964 qui
880 1888 919 1948 ad
931 1889 1047 1948 laborem

127 1986 211 2039 tuum
225 1979 344 2039 accessit
357 1979 433 2038 idem
446 1980 483 2039 ad
501 1980 623 2039 salutem
640 1979 729 2039 Asiae
748 1984 921 2058 prorogatus
942 2000 1003 2041 esee
1013 1977 1045 2038 ri·

128 2071 248 2144 deatur3
268 2070 487 2149 quoniam[que]
512 2070 545 2130 in
564 2077 596 2130 te
615 2070 768 2130 retinendo
787 2070 846 2131 fuit
863 2071 937 2132 Asia
948 2071 1045 2133 felicior

127 2183 212 2241 quam
226 2183 279 2222 nor
292 2162 325 2221 in
338 2162 513 2234 deducend0‚
523 2164 628 2242 perfice
638 2168 673 2222 ut
682 2162 794 2222 laetitia
806 2163 970 2242 provinciae
984 2160 1044 2223 desi·

128 2255 238 2314 derium
256 2259 389 2314 nostrum
408 2255 541 2314 leniatur.
582 2254 700 2314 Etenim
719 2254 744 2314 si
763 2254 794 2313 in
811 2255 999 2333 promerendo
1016 2256 1044 2312 ut

126 2346 181 2405 tibi
194 2346 271 2405 tanti
284 2346 407 2405 honores
417 2346 600 2420 haberentur,
611 2346 712 2425 quanti
724 2347 803 2406 haud
816 2347 875 2407 seio
888 2366 928 2407 an
939 2341 1044 2416 nemini,

126 2438 209 2496 fuisti
227 2437 355 2497 omnium
375 2438 619 2515 diligentissimus,
636 2439 729 2497 multo
746 2438 884 2517 majorem
901 2439 935 2499 in
949 2438 992 2498 his
1003 2437 1043 2496 ho·

126 2528 245 2588 noribus
266 2529 383 2588 tuendis
405 2529 540 2589 adhibere
563 2529 742 2607 diligentiam
764 2529 859 2590 debes.
901 2535 949 2592 31.
968 2525 1044 2609 Equi·

127 2622 192 2680 dem
206 2621 241 2680 de
254 2621 311 2681 isto
325 2641 430 2700 genere
447 2622 589 2681 honorum
606 2621 675 2700 quid
695 2621 833 2680 sentirem
853 2622 954 2698 scripsi
971 2620 1005 2682 ad
1019 2624 1045 2678 a

127 2719 205 2772 ante.
246 2713 364 2792 Semper
387 2734 436 2773 eos
460 2713 566 2793 putavi,
592 2712 617 2772 si
639 2711 771 2790 vulg'ares
792 2719 899 2786 esrent,
917 2713 1001 2785 viles3
1025 2707 1045 2768 ri

127 2805 264 2884 temporis
278 2825 364 2866 causa
378 2806 631 2879 constituerentur,
644 2805 740 2879 levea3
754 2804 869 2879 sivero,
882 2805 913 2865 id
926 2803 1001 2885 qued
1011 2801 1046 2861 ia

162 3002 198 3047 1⁰.
215 2998 300 3061 Plato]
335 2998 357 3045 Α
374 3012 469 3059 passage
486 3003 512 3046 to
526 2998 574 3046 this
605 3003 649 3047 not
664 2997 768 3062 unlikely
783 2999 837 3048 that
852 2999 934 3049 Cicero
949 3001 1003 3049 hera
1016 2996 1045 3046 al·

128 3064 196 3111 effect
212 3079 292 3111 occurs
309 3063 334 3109 in
348 3077 393 3109 one
403 3062 430 3107 of
443 3062 484 3108 the
494 3062 574 3111 letters
605 3062 672 3110 ludes
688 3068 714 3111 to
732 3063 828 3111 himself
845 3065 893 3113 and
910 3065 947 3113 hi·
963 3060 1047 3112 cautul-

128 3127 255 3174 attributed
265 3131 291 3173 to
302 3126 374 3181 Plato,
383 3124 429 3172 and
439 3125 463 3171 in
475 3126 516 3173 the
527 3127 574 3173 Re·
606 3126 684 3188 ship.’'
711 3127 755 3174 His
766 3129 873 3192 modecty
882 3129 960 3178 would
969 3131 1010 3176 nat
1017 3125 1046 3174 lat

128 3191 214 3252 public.
246 3191 297 3237 The
313 3189 388 3236 vision
405 3188 431 3235 ef
443 3189 485 3236 the
499 3190 574 3251 philo·
606 3192 655 3238 him
667 3205 791 3254 saymore.

128 3255 221 3314 sopher,
239 3267 264 3299 as
281 3257 306 3299 to
320 3252 362 3299 the
377 3256 392 3281 ⁶*
401 3252 462 3299 docti
476 3269 503 3300 ec
513 3255 574 3316 sapi·
637 3256 714 3302 Haud
722 3255 770 3302 acio
781 3271 813 3304 aa
823 3257 931 3320 ueniat]
965 3250 1046 3305 fleon·

122 3315 210 3364 entes”
225 3315 314 3378 having
331 3316 373 3364 the
389 3316 575 3365 administration
606 3317 660 3366 Seu.
672 3334 692 3366 c.
704 3319 740 3366 16.
838 3320 841 3327 '

112 3381 234 3439 orrares,
247 3381 324 3431 ienot
335 3382 511 3446 accomplished
519 3387 568 3446 pet
641 3385 761 3443 Tempcrie
771 3385 857 3448 cmc]
877 3385 922 3436 See
930 3401 952 3436 c.
961 3380 1044 3444 &aad

142 3445 295 3513 (salterraej
334 3448 420 3515 sapae
435 3463 498 3514 sapa,
511 3449 588 3499 “itis
615 3446 657 3496 be
669 3447 790 3495 lun-ch·
