2174 3764
87 352 125 409 14
412 349 518 409 CATO
540 348 692 411 MAJOR.

85 509 216 567 Romano
235 507 359 565 litterae.
401 506 507 567 Omnia
526 508 664 568 memoria
680 505 809 579 tenebat,
827 526 887 565 non
907 504 1018 566 domes·

84 598 142 657 tica
162 599 254 657 solum
274 598 429 656 sedetiam
449 603 568 657 externa
586 599 670 659 b'ella.
711 598 804 676 Cujus
824 618 957 657 sermone
976 597 1019 657 ita

84 696 156 769 tunc
175 689 278 767 cupide
295 689 412 748 hueber
424 690 506 768 quasi
515 691 577 769 jam
591 691 756 762 divinarem,
769 689 802 748 id
814 689 892 768 quod
912 689 1017 763 evenit,

84 781 133 841 illo
147 781 288 840 exstincto
302 780 364 838 fore
378 781 456 839 unde
470 781 609 840 discerem
622 781 775 841 neminem.
816 768 859 833 s

122 872 160 932 V.
176 876 228 931 13.
251 872 398 946 Quorsum
417 872 508 948 igitur
527 872 598 931 haec
617 879 677 932 tam
697 873 791 931 multa
811 872 848 931 de
861 872 1016 934 Maximo?

85 966 160 1040 Quia
182 965 311 1044 profecto
335 966 439 1024 videtis
464 965 547 1024 nefas
573 986 636 1024 esse
663 966 744 1025 dictu
769 966 904 1026 miseram
926 966 1016 1026 fuisse

83 1058 171 1116 talem
192 1062 388 1129 senectutem
411 1076 465 1116 nec
489 1062 588 1115 tamen
609 1077 708 1116 omnes
728 1062 852 1135 possunt
873 1077 937 1117 esse
958 1058 1016 1117 sci·

82 1149 182 1227 piones
197 1154 248 1207 aut
258 1149 381 1207 Maximi
393 1154 428 1207 ut
441 1148 557 1207 urbium
570 1148 807 1226 expugnationes,
818 1151 853 1207 ut
866 1148 1016 1226 pedestres
1029 1150 1050 1241 Q

82 1241 231 1299 navalesve
244 1260 365 1318 pugnas,
379 1245 414 1298 ut
427 1240 503 1299 bella
515 1260 532 1298 a
546 1260 577 1298 se
596 1244 685 1316 gesta,
698 1244 734 1298 ut
746 1239 910 1317 triumphos
922 1260 1014 1301 recor·

82 1332 196 1391 dente.
237 1332 292 1390 Est
319 1332 406 1391 etiam
433 1332 530 1410 quiete
554 1336 595 1389 et'
608 1350 681 1409 pure
707 1335 739 1390 et
764 1330 914 1408 eleganter
934 1337 1014 1391 actae

82 1424 186 1483 aetatis
205 1423 316 1502 placida
335 1443 368 1483 ao
389 1423 462 1482 lenis
483 1429 626 1493 senectus,
640 1422 752 1499 qualem
772 1422 934 1500 accepimus
951 1424 1013 1483 Pla·

81 1515 159 1574 tonis
173 1515 223 1594 qui
235 1535 294 1573 uno
313 1520 344 1573 et
364 1513 538 1591 octogesim0
558 1533 634 1572 anno
655 1512 784 1571 scribens
804 1519 850 1572 est
862 1520 1013 1587 mortuus3

81 1607 194 1685 qualem
210 1606 348 1665 Isocratis
368 1606 417 1684 qui
438 1626 504 1664 eum
523 1604 629 1663 librum
649 1603 699 1682 qui
720 1604 951 1666 Panathenaicus
970 1606 1013 1666 in·

81 1698 218 1757 scribitur
235 1703 337 1776 quarto
359 1703 389 1755 et
410 1696 595 1773 nonagesimo
617 1715 694 1754 anno
714 1695 862 1773 scripsisse
883 1697 1013 1770 sedicit,

81 1789 208 1867 vixitque
221 1787 450 1866 quinquennium
465 1792 583 1865 postea;
603 1787 686 1865 cujus
699 1786 837 1863 magister
850 1788 1013 1849 Leontinus

83 1880 205 1956 Gorgias
219 1884 336 1938 centum
347 1884 377 1936 et
392 1884 502 1956 septem
513 1878 665 1957 complevit
678 1898 769 1936 annos
782 1898 876 1957 neque
885 1899 1014 1959 unquam

80 1971 112 2029 in
133 1990 185 2028 suo
210 1970 305 2028 studio
327 1974 414 2047 atque
438 1989 524 2047 opere
547 1970 677 2029 cessavit.
719 1969 786 2044 Qui,
805 1990 896 2048 quum
918 1990 956 2031 ex
978 1990 1013 2031 ao

80 2067 266 2141 quaereretur
289 2081 341 2119 cur
361 2060 472 2119 tamdiu
494 2061 581 2120 vellet
605 2081 668 2120 esse
688 2060 720 2119 in
738 2060 804 2134 vita,
819 2060 893 2120 nihil
911 2062 1012 2137 habeo,

80 2230 134 2278 may
151 2231 191 2278 say
208 2220 215 2244 ⁴
220 2216 258 2276 jus
273 2214 414 2275 augurium,'
429 2214 470 2261 the
484 2214 529 2261 law
561 2214 622 2262 ‘ita’
633 2215 726 2263 isoften
736 2215 835 2263 omitted
845 2216 870 2262 in
880 2217 940 2264 such
949 2230 1012 2267 casea

79 2281 132 2327 that
146 2279 234 2327 related
249 2284 275 2327 to
290 2294 387 2340 augruy,
403 2294 430 2325 as
440 2294 475 2325 we
488 2294 529 2340 say
560 2294 585 2326 as
596 2279 650 2335 this,
662 2281 709 2326 and
719 2280 798 2327 others
808 2280 856 2328 like
866 2280 893 2327 it.
914 2286 930 2309 ⁴⁴
938 2281 1013 2345 Saepe

80 2348 87 2371 ⁴
93 2345 132 2405 jus
142 2343 305 2405 pontificium,’
315 2344 357 2390 the
372 2344 416 2390 law
426 2343 478 2390 that
492 2358 528 2389 ra-
560 2343 667 2390 incidunt
680 2358 779 2403 magnae
793 2359 831 2390 res
846 2351 875 2392 ut
891 2345 1012 2393 disceden-

78 2408 142 2455 lated
157 2412 183 2454 to
199 2408 240 2455 the
256 2408 332 2454 duties
346 2407 393 2454 and
403 2421 493 2467 powers
505 2406 532 2453 of
561 2406 616 2453 dum
629 2407 660 2453 sit
670 2406 699 2453 ab
710 2408 790 2454 amicis
799 2406 815 2430 '’
835 2407 885 2469 (De
894 2409 1011 2473 Arabi).

79 2472 120 2518 the
137 2472 267 2533 pontifices.
307 2469 381 2519 ‘Jus’
400 2471 424 2517 in
440 2485 486 2517 one
504 2469 532 2517 oi
593 2472 797 2533 Panathenaicus]
831 2471 883 2519 The
895 2472 1012 2523 Panathe-

79 2536 109 2582 its
120 2550 198 2582 sensas
211 2536 311 2596 signifies
324 2534 527 2595 ‘law'geuerally:
560 2534 640 2581 naicus
656 2533 683 2581 of
692 2535 807 2582 Isocrates
817 2535 837 2582 is
848 2541 938 2585 extant.
972 2538 1013 2586 Ha

80 2600 307 2658 ‘lex’isastatute‚
319 2614 350 2646 an
360 2603 493 2646 euactment
503 2597 532 2645 ol
559 2598 677 2645 mentions
698 2599 742 2645 his
758 2614 801 2659 age
818 2598 846 2646 ol
863 2601 947 2663 niuaty
963 2602 1011 2649 and

79 2663 119 2710 the
130 2664 230 2710 comitia.
251 2661 469 2722 Sometimes‘jus'
481 2662 528 2708 and
559 2662 612 2708 four
621 2677 687 2723 years
701 2662 731 2724 (c.
745 2663 777 2723 l).
810 2663 868 2710 This
883 2665 1012 2715 manis

80 2724 147 2774 ‘lex'
174 2742 213 2774 are
240 2728 357 2788 opposed3
386 2727 433 2773 and
460 2730 466 2754 ⁴
473 2726 526 2786 jus’
559 2741 585 2772 so
596 2727 669 2772 called
680 2726 754 2773 either
766 2726 863 2774 because
870 2728 945 2776 itwas
955 2729 1013 2778 read

79 2794 159 2838 means
177 2791 228 2848 law,
240 2792 281 2838 the
295 2791 393 2850 original
411 2790 438 2837 oi
451 2790 528 2836 which
558 2795 583 2836 at
598 2790 639 2836 the
650 2788 820 2853 Pamthenpm,
837 2805 864 2837 or
879 2791 1013 2843 becanaelt

79 2857 99 2902 is
109 2859 153 2901 not
162 2855 187 2901 iu
198 2855 296 2915 writing.
317 2854 398 2901 Cicero
410 2853 459 2916 (De
470 2854 527 2915 Leg.
558 2855 579 2902 is
589 2869 604 2900 a
613 2854 732 2901 laudatior
742 2853 817 2905 ofthe
827 2855 968 2905 Atheniens.

79 2920 95 2966 i.
109 2917 134 2980 6)
143 2937 149 2965 ε
171 2923 186 2946 ⁴⁴
196 2919 338 2980 populariter
356 2918 473 2964 interdum
492 2918 527 2964 lo·
592 2917 697 2978 Gorgias,
714 2934 728 2965 a
740 2918 818 2965 native
828 2918 856 2965 of
863 2920 975 2968 Ieontini
985 2922 1012 2969 in

79 2984 120 3046 qui
137 2997 231 3031 necesse
247 2983 291 3028 erit
307 2986 330 3028 et
346 2982 463 3043 appellare
476 2996 527 3028 eam
560 2981 637 3043 Sicily,
658 2997 705 3028 was
722 2998 737 3029 a
754 2982 848 3029 teacher
865 2983 894 3030 oi
908 2984 1012 3033 rhetoric

79 3048 161 3109 legem,
184 3060 244 3108 quae
269 3046 354 3107 scripta
375 3046 449 3092 sancit
465 3046 528 3106 quod
559 3046 605 3092 and
621 3061 636 3092 a
649 3046 806 3107 philosopher.
838 3046 1012 3097 Theavidenoe

78 3113 189 3167 saltant
202 3110 314 3171 jubendo,
331 3110 489 3166 recreando,
501 3113 529 3156 ut
559 3124 585 3156 as
606 3114 632 3156 to
653 3110 693 3156 the
710 3115 775 3169 great
792 3124 836 3171 age
853 3110 907 3158 that
924 3113 956 3161 ha
973 3118 1011 3161 at-

79 3176 162 3237 vulgus
172 3172 299 3237 appellat.”
559 3173 638 3220 tained
655 3174 676 3220 is
693 3189 718 3220 as
735 3175 795 3220 clear
812 3189 839 3221 as
860 3189 905 3222 can
922 3176 955 3225 ba
968 3192 1011 3227 ox.

114 3241 146 3288 Ut
156 3242 182 3287 in
199 3239 292 3285 bomine
301 3236 419 3298 Romano]
455 3235 528 3283 “For
559 3237 643 3298 pected
653 3237 725 3284 about
736 3238 793 3285 such
803 3253 818 3284 a
828 3244 922 3287 matter.

79 3318 94 3349 a
105 3301 224 3358 Roman‚'’
236 3306 252 3329 ⁴⁴
261 3300 406 3361 cousideriug
416 3300 446 3346 he
456 3315 503 3347 was
513 3315 529 3346 a
594 3300 754 3363 ecs-celles]
789 3306 796 3329 ⁴
805 3301 867 3349 Cur’
884 3303 906 3351 is
921 3318 969 3353 one
986 3305 1014 3355 d

80 3366 199 3414 Roman.”
217 3370 232 3394 ‘⁴
242 3366 309 3418 Quae
319 3370 398 3412 nmen
409 3364 468 3411 utin
478 3379 528 3410 ma·
559 3364 600 3411 tha
607 3364 768 3424 conjunctions
775 3364 865 3413 formed
872 3366 933 3415 hom
941 3368 1011 3431 ‘qui'

79 3430 108 3475 lis
134 3430 253 3477 acerbitati
278 3428 441 3490 anteponenda
466 3427 527 3474 est'’
560 3428 607 3474 and
622 3428 648 3474 in
663 3428 721 3475 such
736 3444 751 3475 a
766 3434 876 3477 scamnea
891 3432 1012 3483 asthiaia

74 3491 127 3549 (Ad
148 3495 177 3544 Q.
197 3495 236 3541 m.
257 3492 306 3557 13).
348 3491 462 3554 Compare
478 3490 527 3539 Cic.
559 3491 666 3539 followed
679 3491 762 3553 bytho
774 3493 1011 3555 subjunctivamood,

66 3551 131 3599 Vera
143 3555 169 3601 ii.
184 3559 206 3605 l.
219 3572 240 3604 c.
254 3561 304 3616 62,-
320 3556 461 3606 andDivin.
473 3570 493 3604 c.
505 3558 530 3606 9.
561 3570 588 3603 as
600 3553 628 3602 in
642 3555 692 3603 this
707 3555 817 3617 chapter:
836 3560 852 3585 ⁴⁴
861 3564 965 3619 quaeum·
972 3570 1012 3611 ιο.

82 3618 106 3660 ὅ.
128 3618 169 3665 [lt
178 3622 288 3682 urbium,
303 3623 366 3689 δια]
400 3623 457 3673 Tha
466 3621 536 3673 werd
565 3620 633 3685 perio
653 3632 737 3668 causas
752 3634 793 3667 eux
810 3626 919 3669 aenam
931 3624 1019 3671 m
