2174 3764
118 188 157 246 aa
488 138 674 243 nannius.

117 341 282 401 lescentiam
302 341 511 419 perduxissent,
527 341 623 401 dirimi
640 346 739 401 temen
757 341 905 401 interdum
924 348 1038 403 conten-

116 433 195 492 tione
208 433 254 492 vel
272 433 387 491 uxoriae
408 432 589 506 conditionis,
602 433 648 492 vel
668 434 811 493 commodi
829 434 949 513 alicujus
966 435 1039 513 quod

116 524 192 582 idem
204 524 322 602 adipisci
334 528 455 601 uterque
468 543 528 582 non
540 530 647 603 posset.
685 525 771 599 Quod
784 525 810 583 si
823 525 874 603 qui
885 525 999 603 longius
1010 526 1040 585 in

116 614 240 673 amicitia
263 615 390 692 provecti
416 622 522 687 essent,
544 620 643 674 tamen
668 635 753 694 saepe
776 616 942 675 labefactari
963 617 989 675 si
1010 617 1039 677 in

116 705 232 765 honoris
255 705 469 765 contentionem
489 706 676 766 incidissentz
701 712 816 786 pestem
836 708 914 767 enim
934 708 1039 767 millam

116 797 252 875 majorem
275 817 338 855 esse
360 797 392 855 in
417 797 549 857 amicitiis
572 817 657 876 quam
679 797 712 857 in
736 799 882 877 plerisque
906 799 1039 879 pecuniae
1080 796 1083 803 ’

116 887 311 967 cupiditatem,
330 909 363 947 1n
386 889 502 967 optimis
523 889 683 968 quibusque
704 889 822 950 honoris
846 896 991 951 certamen
1010 896 1039 949 et

116 979 239 1056 gloriae3
259 1000 366 1058 exque
386 980 549 1040 inimicitias
571 981 706 1040 maximas
729 1001 816 1059 saepe
835 981 914 1041 inter
933 981 1038 1041 amicie-

117 1070 203 1130 simos
217 1071 370 1130 exstitisse.
410 1075 458 1130 35.
478 1072 589 1148 Magna
602 1072 688 1131 etiam
701 1071 820 1131 discidia
832 1079 864 1132 et
876 1075 1038 1153 plerumque

114 1161 195 1240 justa
206 1162 286 1221 nasci
287 1183 394 1240 ,quum
407 1163 514 1240 aliquid
526 1163 562 1221 ab
576 1162 673 1223 amicis
683 1163 760 1241 quod
772 1169 885 1224 rectum
894 1185 955 1225 non
967 1172 1038 1227 esset

116 1253 318 1357 postrlaretur,
332 1260 367 1313 ut
380 1258 431 1313 aut
443 1253 569 1313 libidinis
583 1252 706 1314 ministri
720 1259 772 1313 aut
784 1255 933 1334 adjutores
946 1264 1038 1318 essent

117 1344 184 1402 ad
175 1344 318 1423 injuriam.
360 1346 446 1420 Quod
467 1344 517 1423 qui
537 1350 711 1417 recusarent,
725 1347 854 1423 quamvis
874 1348 995 1408 honeste
1011 1349 1038 1409 id

116 1435 275 1508 facerent,
263 1457 312 1515 Jus
324 1441 423 1495 tamen
443 1436 585 1495 amicitiae
604 1435 734 1495 deserere
754 1445 948 1514 arguerentur
959 1440 1023 1500 eb''
1005 1460 1038 1499 ιιι

116 1527 352 1606 quibusobsequi
363 1528 492 1600 nollent3
511 1527 575 1586 illos
593 1532 698 1599 autem,
712 1527 763 1606 qui
775 1529 888 1606 quidvis
904 1532 940 1590 ab
953 1531 1038 1591 amico

116 1619 256 1678 auderent
276 1620 431 1698 postulare,
445 1618 639 1697 postulatione
658 1618 721 1697 ipsa
743 1619 873 1698 profiteri
896 1623 991 1682 omnia
1010 1642 1039 1682 se

48 1704 51 1709 ’
116 1710 200 1768 amici
213 1730 298 1769 causa
311 1730 373 1768 esse
390 1710 534 1770 facturos:
555 1730 654 1769 eorum
667 1711 783 1789 quercla
795 1712 971 1773 inveteratas
982 1734 1040 1773 non

116 1799 200 1858 modo
212 1799 420 1860 familiaritates
442 1801 587 1879 exstingui
607 1801 705 1874 solere,
720 1802 872 1863 sedetiam
886 1806 951 1864 odia
963 1806 1038 1884 gigni

116 1890 299 1968 sempiterna.
339 1892 422 1950 Haec
442 1893 485 1951 ita
504 1894 597 1952 multa
608 1893 690 1971 quasi
708 1893 769 1952 fata
789 1895 954 1974 impendere
974 1898 1039 1955 ami·

116 1979 192 2038 citiis
215 1986 250 2039 ut
273 1981 369 2040 omnia
394 1982 595 2060 subterfugere
617 2004 678 2042 non
703 1978 788 2044 modo
812 1987 970 2065 sapientiae
991 1988 1040 2049 sed

116 2072 202 2131 etiam
213 2072 359 2132 felicitatis
374 2074 481 2133 diceret
495 2075 550 2134 sibi
562 2075 660 2135 videri.

106 2150 119 2215 ἰ
153 2165 211 2224 ΧΙ.
232 2168 279 2226 36.
302 2165 494 2241 Quamobrem
516 2166 547 2225 id
570 2166 694 2245 primum
715 2167 869 2240 videamus,
892 2169 917 2229 si
939 2170 1039 2248 placet,

116 2262 257 2335 quatenus
280 2279 359 2317 amor
383 2258 415 2316 in
442 2258 567 2318 amicitia
592 2258 726 2337 progredi
751 2258 863 2319 debeat.
903 2261 993 2335 Num,
1016 2260 1039 2320 si

115 2421 275 2483 omitsnoga’
284 2423 419 2484 thoughthe
429 2422 482 2470 best
489 2423 560 2470 MSS.
593 2423 703 2480 Terence,
723 2423 816 2471 Phorm.
835 2424 865 2471 iv.
886 2427 907 2483 1,
926 2424 962 2486 3).
993 2426 1039 2475 But

114 2486 174 2532 bave
182 2486 209 2532 it.
242 2486 266 2532 It
281 2487 301 2533 ιι
316 2492 368 2533 true
383 2487 436 2532 that
449 2491 518 2547 ‘toga
524 2487 562 2533 ’is
593 2487 660 2534 there
675 2487 752 2533 would
769 2487 800 2534 be
816 2503 848 2535 no
860 2490 974 2574 meaning
986 2489 1039 2537 here

115 2549 180 2595 osten
194 2549 292 2596 omitted
301 2551 369 2597 when
385 2549 532 2611 praetexta’
542 2551 562 2597 is
593 2551 673 2597 unless
682 2551 740 2597 the
750 2551 867 2608 annuo:
884 2553 1039 2601 aboutwhiclr

115 2612 180 2660 used.
592 2614 634 2660 tha
653 2618 890 2671 centesimarum
911 2616 1038 2679 explained.

150 2676 264 2737 Πιονίαι]
298 2675 338 2723 All
354 2677 395 2723 tha
412 2677 484 2725 MSS.
500 2692 562 2725 seem
593 2677 644 2724 The
659 2677 778 2724 matteras
794 2694 809 2724 ι
823 2693 915 2726 woman
930 2680 968 2728 lor
981 2680 1038 2735 wite,

115 2739 349 2797 tehave‘luxuriaess
360 2741 562 2788 whiohManutius
594 2741 640 2787 and
655 2741 696 2788 the
711 2742 802 2804 disputa
817 2743 901 2790 iswho
914 2745 1039 2793 shallhnre

115 2804 171 2852 nias
186 2808 212 2851 to
227 2804 335 2864 explain;
351 2804 394 2850 but
409 2805 450 2851 it
443 2820 464 2852 ιι
478 2805 561 2852 anob·
594 2805 643 2852 her.

116 2868 181 2915 vious
191 2882 261 2924 error,
274 2868 319 2913 and
337 2868 380 2914 has
395 2869 522 2928 originamd
536 2869 562 2916 in
624 2869 731 2916 Honorio
742 2870 924 2933 consentionem]
938 2868 1038 2919 ‘Honor'

115 2933 157 2979 the
178 2932 215 2979 ‘l'
236 2932 263 2978 of
282 2932 322 2978 the
343 2933 465 2993 preceding
490 2933 561 2979 word.
594 2931 636 2978 has
656 2933 687 2979 its
706 2932 798 2979 Roman
816 2948 890 2981 sense.
925 2935 1039 2983 ‘Honoris

99 2990 237 3044 'inmebus
248 2996 365 3043 corrected
374 2996 414 3042 the
425 3008 494 3043 error
511 2996 562 3043 Τιιι
593 2995 727 3043 contentio'
739 3011 818 3044 means
833 2998 956 3059 risalryin
969 2999 1039 3047 nnn-

116 3060 361 3108 “cententiouxoriae
371 3059 532 3106 conditionis”
542 3060 562 3106 is
592 3059 651 3116 tion,
669 3060 695 3105 in
712 3060 807 3121 secking
821 3060 880 3107 the‘
887 3062 1002 3111 honores'
1018 3060 1041 3109 ci

116 3123 474 3186 therivalryinamstrimonial
488 3123 561 3170 affair.
592 3123 634 3169 the
649 3127 717 3170 state.
750 3123 830 3171 Cinam
845 3124 895 3172 also
910 3140 974 3188 says,
985 3126 1083 3174 ‘·bo·

117 3187 253 3235 ‘Conditio'
272 3188 336 3236 itseli
350 3202 403 3248 may
419 3187 449 3234 be
463 3187 521 3233 used
536 3192 562 3234 to
592 3201 677 3234 norum
686 3186 819 3235 contantio'
830 3142 967 3250 (Daoffii.
978 3190 1028 3255 25)

115 3202 427 3312 signifyamnriagaaffiir,
435 3250 563 3298 wherathe
623 3250 769 3313 Felicitatis]
804 3185 937 3300 lielicitu'
952 3252 1041 3317 ugoni
1079 3196 1083 3317 i

110 3318 210 3362 contem
225 3316 306 3363 makes
321 3316 342 3363 ιι
358 3316 418 3363 clear
428 3314 491 3361 what
505 3315 562 3361 kind
593 3313 694 3361 ιοιιιιιιι
726 3250 992 3367 Suilscullsdhimsell'·
1000 3318 1041 3365 Fe·
1079 3328 1083 3391 1ῑ

99 3375 150 3420 osa
164 3380 302 3429 mnditio'
312 3395 341 3429 or
352 3378 476 3429 ‘tarmaol
484 3394 565 3441 agr-se
594 3377 643 3435 lix,'
654 3375 847 3440 tbeiortmmts(
831 3375 930 3441 (ειτιιχι
927 3380 970 3439 ις.)

86 3439 175 3486 ment'
187 3457 233 3492 arc
251 3446 371 3497 intended
388 3444 456 3513 (lis.
473 3447 571 3504 dalbs
601 3444 675 3492 ll.
684 3442 751 3489 Num
752 3396 970 3501 minanam
969 3444 1048 3489 Su·
1079 3372 1083 3483 i
