2174 3764
116 195 172 252 102
216 215 221 222 ·
409 220 411 225 π
488 185 675 267 LAELIUS.

412 344 418 358 .
479 268 581 347 iabiu
650 344 656 354 .
680 344 686 357 .

112 368 231 408 necesse
244 351 290 408 eat
303 358 369 407 cum
383 345 477 423 ahqua
490 364 619 405 curares
634 345 689 405 sibi
706 347 866 404 contrarias
879 352 1053 424 aspernetur

63 447 72 468 ⁸
112 448 200 519 atque
212 439 314 511 oderit,
328 444 363 498 ut
381 437 497 497 bonitas
519 437 666 510 malitiam,
680 436 875 515 temperantia
891 437 1052 513 libidinem,

112 532 255 611 ignaviam
276 529 427 592 fortitudo.
468 530 574 608 Itaque
591 529 688 589 videas
708 528 1051 633 mhpsjnjustqututos

111 625 233 684 maxime
260 624 365 695 dolere,
390 621 555 681 amoenius
581 620 681 693 forces,
708 607 861 698 amada
893 603 1050 684 haebr.

110 717 189 794 Ergo
210 717 265 775 hoc
286 714 434 795 proprium
455 719 502 774 est
525 713 615 773 animi
633 713 708 774 benc
728 712 885 773 constituti
904 718 936 774 ot
948 714 1051 777 laetari

110 808 193 868 bonis
207 809 293 867 rebus
307 812 338 866 et
352 806 448 867 dolere
462 804 623 866 contrariis.
656 808 705 865 48.
723 805 919 880 Quamobrem
934 806 1050 869 sioadit

73 937 78 948 ·
109 899 319 984 ipsapientem
339 899 428 958 animi
441 898 529 970 dolor,
544 897 594 975 qui
611 897 741 977 profecto
761 896 849 970 cadit,
863 898 923 958 nisi
937 919 975 958 ex
987 900 1049 980 ejus

12 966 205 1065 ,malatino
225 991 412 1071 exstirpatam
432 990 654 1050 humanitatem·
666 989 849 1064 arbitramur,
868 1010 944 1069 quac
964 1012 1049 1053 causa

109 1089 154 1142 est
178 1104 230 1143 cur
252 1083 408 1143 amicitiam
431 1070 565 1141 funditus
588 1081 725 1141 tollamus
749 1080 854 1155 evita,
877 1103 917 1142 nc
938 1084 1047 1162 aliquas

38 1242 43 1255 ἱ
69 1206 77 1251 μ
107 1182 228 1254 propter
240 1197 304 1236 eam
318 1174 507 1254 suscipiamus
521 1173 691 1234 molestias?
727 1173 806 1249 Quid
820 1174 901 1234 enim
914 1175 1046 1251 interest,

51 1264 190 1355 pffimotu
208 1268 297 1327 animi
311 1269 432 1341 sublato,
446 1287 506 1327 non
521 1266 584 1326 dico
602 1266 680 1325 inter
693 1265 839 1326 hominem
852 1273 884 1326 et
897 1269 1046 1347 pecudem,

18 1352 47 1367 ”
71 1350 74 1355 ’
108 1359 159 1418 sed
182 1360 260 1419 inter
283 1360 429 1419 hominem
452 1365 483 1418 et
505 1378 605 1417 saxum
628 1363 681 1418 aut
702 1363 841 1418 triuncum
857 1365 914 1418 aut
934 1361 1046 1440 quidvis

37 1488 69 1505 .-
106 1453 221 1530 generis
246 1452 400 1532 ejusdem?
440 1452 545 1530 Neque
569 1450 647 1509 enim
668 1450 812 1536 summat-1
835 1451 977 1513 audiendi
996 1452 1045 1533 qui

12 1496 59 1611 ῤ’
106 1544 245 1603 virtutem
268 1545 369 1604 duram
391 1549 421 1603 ct
442 1542 524 1622 quasi
542 1542 665 1601 ferream
684 1559 748 1601 ease
768 1543 914 1621 quandam
933 1545 1045 1619 volunt,

106 1655 179 1713 quae
193 1636 308 1714 quidem
328 1641 373 1695 est
394 1656 483 1713 quum
501 1634 602 1693 multis
620 1634 654 1693 in
674 1634 762 1693 rebus
780 1639 845 1693 tum
865 1635 899 1695 in
918 1637 1045 1698 amicitia

13 1780 30 1810 q,
38 1765 55 1791 μ,
84 1724 91 1779 l
104 1733 302 1805 tenerentque
314 1727 481 1800 tractabilis,
492 1733 527 1785 ut
538 1725 663 1787 etbonis
676 1725 760 1785 amici
770 1726 853 1805 quasi
863 1727 1044 1805 diffundatur

105 1824 135 1877 et
156 1819 342 1878 incommodis
363 1803 559 1878 contrahatur.
602 1819 796 1894 Quamobrem
816 1840 908 1898 angor
922 1821 981 1907 iste
994 1822 1044 1902 qui

103 1930 156 1988 pro
170 1910 261 1970 amico
275 1931 359 1989 saepe
374 1911 530 1989 capiendus
549 1918 594 1970 est
613 1931 674 1970 non
690 1916 806 1970 tantum
819 1912 897 1972 valet
909 1900 1043 1975 attollo

103 2020 120 2058 e
140 2002 200 2060 vita
220 2002 383 2074 amicitiam,
403 2022 464 2061 non
483 2002 549 2079 plus
570 2022 656 2079 quam
676 2008 712 2062 ut
731 2003 865 2076 virtutes,
879 2004 948 2084 quia
970 2027 1042 2067 non·

61 2084 196 2201 &nullas
211 2114 293 2152 ouras
307 2100 338 2153 ct
350 2093 498 2153 molestias
511 2095 646 2167 afferunt,
659 2094 859 2173 repudientur.

141 2185 228 2245 XIV.
251 2186 350 2261 Quum
364 2192 463 2245 autem
476 2186 629 2246 contrahat
642 2186 806 2260 amicitiam,
820 2192 855 2247 ut
870 2208 959 2269 supra
973 2191 1041 2266 dixi,

101 2377 160 2440 ciple
186 2378 213 2425 ol
237 2378 344 2428 absoluto
372 2381 498 2428 obediente
525 2386 551 2428 to
583 2381 625 2428 the
640 2381 724 2442 plural,
741 2385 825 2444 except
840 2398 887 2431 ono
905 2385 935 2432 of
953 2386 1040 2435 Mann-

100 2442 161 2488 fixed
174 2443 236 2489 rulea
247 2443 274 2489 of
289 2444 335 2501 lise,
346 2444 388 2491 the
407 2447 513 2506 question
528 2446 555 2492 of
583 2446 638 2493 tius.
682 2446 780 2506 Madvig
806 2447 848 2495 has
880 2449 1041 2499 ‘diffundatur

99 2507 208 2567 avoiding
234 2508 297 2568 pain,
324 2509 423 2566 trouble,
445 2524 472 2555 or
493 2524 551 2556 even
658 2510 824 2558 contrahatur:
870 2511 973 2575 Seyffert
998 2515 1039 2563 ad.

99 2570 176 2626 death,
188 2571 235 2616 will
245 2576 287 2617 not
303 2573 362 2619 ariae
372 2573 439 2619 when
450 2575 491 2620 the
501 2574 552 2620 rulo
576 2573 638 2635 mita
656 2574 709 2620 that
725 2575 821 2621 ‘amici'
840 2575 862 2623 is
872 2576 915 2624 the
928 2580 1038 2640 genitive,

99 2634 126 2681 ol
139 2634 197 2695 duty
208 2635 228 2681 is
244 2635 350 2696 positive.
382 2637 429 2684 We
440 2637 500 2699 obey
510 2638 552 2685 the
583 2652 608 2684 aa
624 2638 644 2683 it
659 2637 822 2700 undoubtedly
831 2639 859 2686 ia.
893 2640 1038 2704 Heconjec·

98 2699 149 2744 rule
160 2698 296 2759 absolutely.
582 2704 648 2748 tures
658 2701 710 2748 that
721 2703 824 2749 ‘animi'
836 2703 879 2751 has
895 2704 958 2755 been
968 2708 1037 2755 omit-

130 2761 324 2822 Homanitatem]
374 2762 550 2811 ‘Humanitas'
582 2765 622 2812 ted
640 2764 700 2812 after
718 2766 818 2814 ‘amici'
852 2767 877 2815 lt
891 2782 969 2819 mins
987 2772 1038 2819 tun

98 2827 153 2874 here
175 2842 254 2873 meana
280 2827 321 2873 the
341 2828 434 2874 natural
452 2828 550 2888 feelings
582 2828 688 2876 ‘virtus’
705 2830 725 2876 is
742 2830 783 2877 the
798 2832 961 2881 nominativos
978 2836 1036 2883 ‘vin

97 2891 144 2937 and
167 2891 295 2947 affectione,
317 2896 371 2953 port
391 2891 419 2938 of
438 2905 453 2938 a
474 2892 549 2938 man’a
581 2892 634 2939 tus'
652 2893 672 2939 is
689 2897 733 2940 not
750 2894 839 2951 ‘dura'
859 2899 911 2952 dcc,
929 2897 975 2946 but
989 2903 1036 2948 ‘te
1080 2904 1085 2965 ᾗ

96 2962 187 3002 nature.
580 2955 653 3013 nera’
673 2957 833 3015 ‘tractabilia’
854 2960 915 3017 ‘ut'
937 2966 981 3011 &c
1014 2962 1038 3011 11
1083 2998 1085 3003 .

128 3019 241 3066 Ferreum
252 3018 440 3079 marquardum]
465 3018 549 3066 lhave
580 3021 1035 3081 theplurals‘diffundantiu...oon·
1082 3020 1085 3041 ⁵

95 3080 202 3129 followed
225 3082 325 3143 Seyffert
350 3082 375 3127 in
401 3082 449 3128 this
471 3083 546 3129 order.
579 3085 717 3132 trahantur'
734 3100 775 3132 are
791 3088 901 3146 genuine,
917 3104 954 3138 vra
972 3095 1037 3139 must

95 3144 147 3192 The
168 3161 276 3192 common
298 3146 365 3192 order
391 3145 411 3192 is
432 3145 546 3194 ‘ferream
579 3163 680 3209 suppose
690 3148 743 3196 that
753 3150 929 3201 thercissome
939 3168 1035 3217 corrup·

95 3209 212 3268 quandam
230 3209 296 3257 esse)
335 3209 409 3257 Orelli
425 3210 468 3257 has
487 3211 546 3258 ‘ler-
579 3213 629 3259 tion
645 3213 670 3258 in
686 3213 728 3260 tho
744 3214 913 3276 otherpartof
925 3217 1035 3267 theram

86 3283 153 3318 team
165 3274 284 3333 quandam
296 3273 393 3321 volunt?
578 3281 654 3323 tence.
1067 3328 1071 3341 ,

108 3334 352 3402 offundatur,&c.]
368 3337 547 3387 ‘Diffundantur
613 3341 651 3387 14.
671 3341 921 3407 Quam-contrabat]
952 3345 1035 3396 Inue

64 3423 90 3436 υ
105 3425 112 3437 ·
134 3402 319 3452 contrahantur
328 3404 344 3453 :’
362 3405 476 3469 Seyffert,
496 3405 551 3454 who
583 3406 637 3454 bret
647 3404 890 3455 edibonlremarliad
900 3411 954 3456 tuat
968 3412 1035 3459 ‘ani-

51 3453 152 3506 affirma
174 3464 237 3516 that
259 3470 296 3518 afl
317 3472 367 3522 the
392 3473 470 3523 Mas.
494 3472 557 3521 have
591 3469 658 3519 mus’
673 3468 1046 3521 nemeamuouamumaxa
