2174 3764
267 168 328 230 nn
350 166 550 253 semron
570 165 777 228 marnam.
929 167 986 228 171

64 326 168 388 difficile
180 331 237 400 est,
245 332 361 386 mutare
374 326 508 400 animum,
518 332 548 387 et
562 326 665 404 siquid
679 330 724 386 est
736 325 853 406 penitus
866 324 985 386 insitum

63 420 183 479 moribus
202 420 236 478 id
256 419 354 478 subito
375 419 511 491 evellere3
531 418 583 478 sed
601 424 632 477 te
651 418 724 477 illud
742 418 882 477 admoneo
901 421 943 488 ut,
961 417 986 476 si

63 509 109 570 heo
124 511 212 589 plene
226 511 320 570 vitare
337 530 397 569 non
415 516 506 589 potes,
520 510 597 588 quod
616 514 684 568 ante
705 514 861 588 occupatur
873 507 986 568 animus

63 601 93 661 ab
103 601 255 662 iracundia
268 621 353 680 quam
365 601 513 680 providere
522 601 606 661 ratio
625 599 721 679 potuit
734 621 772 659 ne
790 604 985 678 occuparetur,

63 700 91 753 rt
110 701 143 755 te
166 700 238 754 ante
260 714 406 772 compares
426 694 609 772 quotidieque
634 692 771 752 meditere
792 691 986 751 resistendum

62 805 117 845 csse
136 785 324 857 iracundiae;
347 805 491 864 quumque
514 805 548 844 ea
570 784 691 844 maxime
715 784 842 842 animum
863 789 985 855 moveat,

61 882 117 936 tum
136 866 195 936 tibi
216 896 281 936 esse
301 877 517 954 diligentissime
535 876 663 954 linguam
684 875 893 947 continendam,
912 895 985 954 quaa

60 969 171 1047 quidem
195 969 268 1028 mihi
287 969 380 1028 virtus
402 989 462 1028 non
483 969 629 1029 interdum
652 968 746 1027 minor
765 967 879 1026 videtur
900 986 985 1044 quam

59 1061 172 1121 omnino
192 1081 254 1120 non
272 1060 365 1120 irasci.
404 1061 436 1120 N
437 1081 482 1120 am
494 1061 565 1119 illud
581 1067 627 1120 est
645 1080 705 1118 non
723 1059 816 1118 solum
835 1058 985 1135 gravitatis

60 1152 106 1210 sed
124 1172 346 1230 nonnumquam
370 1152 456 1211 etiam
477 1151 678 1211 lentitudinis:
705 1149 846 1209 moderari
864 1168 932 1208 vero
953 1154 984 1208 et

59 1245 150 1305 animo
170 1251 203 1304 et
224 1244 356 1316 orationi,
370 1263 459 1321 quum
480 1245 519 1304 sis
541 1245 642 1316 iratus,
661 1247 713 1302 aut
732 1243 819 1301 etiam
837 1246 933 1300 tacere
953 1246 984 1300 et

59 1341 155 1396 tenere
167 1336 201 1395 in
214 1355 268 1395 sua
280 1340 427 1415 potestate
439 1341 549 1394 motum
563 1335 651 1395 animi
664 1340 694 1394 et
707 1334 841 1405 dolorem,
855 1333 911 1391 etsi
923 1354 984 1394 non

59 1432 101 1486 est
111 1427 259 1507 perfectae
273 1426 437 1505 sapientiae,
451 1432 550 1486 tamen
569 1432 614 1486 est
631 1447 691 1486 non
703 1425 852 1484 mediocris
865 1424 982 1502 ingenii.

59 1520 103 1578 89.
120 1519 224 1597 Atque
236 1517 270 1576 in
281 1518 337 1576 hoc
354 1537 458 1594 genere
471 1519 562 1577 multo
575 1524 606 1578 te
619 1537 681 1577 esse
691 1517 750 1596 jam
764 1516 983 1576 commodiorem

59 1609 256 1687 mitioremque
268 1609 416 1669 nuntiant.
455 1609 561 1669 Nullae
573 1613 643 1669 tuae
655 1607 881 1669 vehementiores
895 1607 983 1668 animi

60 1700 275 1773 concitationes,
288 1700 368 1759 nulla
385 1701 535 1760 maledicta
547 1702 583 1760 ad
600 1721 663 1773 nos,
676 1701 773 1760 nullae
792 1700 983 1760 contumeliae

59 1792 259 1870 perferuntur;
279 1811 352 1870 quae
365 1812 454 1870 quum
474 1792 629 1852 abhorrent
645 1813 662 1852 a
676 1792 789 1865 litteris,
803 1793 839 1852 ab
852 1792 982 1851 humani·

58 1886 125 1958 tata,
143 1889 210 1943 turn
222 1903 291 1942 vero
305 1884 447 1943 conharia
462 1890 531 1943 sunt
543 1885 661 1962 imperio
675 1904 708 1943 ac
721 1883 864 1962 dignitati.
904 1885 983 1944 Nam

60 1973 83 2033 si
97 1974 291 2053 implacabiles
310 1974 473 2034 iracundiae
493 1975 561 2048 sint,
575 1996 685 2035 summa
700 1981 745 2036 est
758 1975 915 2035 acerbitas:
937 1977 983 2036 sin

60 2071 153 2126 autem
166 2066 334 2140 exorabiles,
348 2087 459 2126 summa
475 2067 593 2128 levitas:
614 2087 686 2146 quae
698 2073 797 2127 tamen
808 2073 843 2127 ut
857 2067 890 2128 in
901 2069 982 2128 malis

60 2157 208 2218 acerbitati
220 2159 421 2236 anteponenda
434 2165 487 2219 est.

90 2363 123 2409 Te
142 2361 205 2408 illud
227 2361 339 2408 adram
366 2365 461 2416 ret-at
482 2365 505 2409 te
535 2360 789 2422 cominganeducated
804 2377 867 2419 man,
881 2362 982 2410 andun-

61 2425 121 2487 πίε]
163 2425 215 2472 The
236 2423 285 2471 ‘ut'
306 2425 326 2471 is
346 2425 455 2486 repeated
473 2439 505 2472 on
536 2425 610 2472 suited
628 2429 654 2472 to
670 2425 712 2473 the
728 2426 846 2488 authority
862 2427 908 2473 and
926 2427 983 2488 high

61 2492 155 2536 account
170 2487 198 2535 oi
215 2487 255 2535 the
271 2488 370 2534 number
387 2489 413 2534 of
428 2489 504 2535 words
535 2490 621 2537 station
632 2489 772 2551 (imperium,
787 2491 896 2554 dignitas)
907 2490 983 2538 which

61 2551 131 2599 which
146 2565 213 2598 come
225 2551 329 2598 between
342 2552 383 2598 the
393 2553 444 2600 drst
455 2550 503 2599 ‘ut'
535 2553 565 2600 he
584 2552 647 2600 held.
690 2554 792 2614 Perhaps
813 2555 907 2601 Marcus
926 2569 983 2614 gave

61 2615 102 2662 aad
111 2615 143 2663 its
151 2614 208 2662 verb
220 2615 369 2676 ‘compares’
536 2617 586 2663 him
601 2616 674 2664 credit
689 2617 725 2663 for
739 2631 804 2664 more
815 2618 984 2678 improvement

91 2679 425 2740 &mats—tatiscam]
439 2678 506 2726 “For
536 2680 594 2728 than
610 2681 640 2728 ha
657 2681 774 2736 deserved,
787 2681 813 2727 in
828 2682 895 2729 order
904 2687 931 2728 to
941 2696 982 2728 en·

61 2742 251 2802 tcucidfalling
266 2742 317 2789 into
331 2742 506 2804 passionisthe
536 2744 818 2805 couragehimtogoon.

61 2806 123 2853 rask
132 2809 176 2855 not
184 2806 240 2867 only
250 2805 278 2852 of
289 2820 304 2852 a
319 2806 406 2853 certain
416 2807 505 2868 dignity
569 2808 597 2854 Si
605 2807 929 2869 implacabiles-astrea]
942 2808 982 2855 No

61 2868 85 2915 ot
100 2869 226 2926 marsna,
243 2869 287 2917 but
305 2871 438 2918 sometimes
456 2870 504 2918 also
536 2872 686 2932 suspiciones
694 2871 808 2920 Ernesti's
818 2873 838 2920 is
849 2871 983 2918 mentoned

62 2931 86 2978 ol
97 2947 112 2982 a
125 2933 229 2995 sluggish
241 2931 402 2994 disposition.'’
436 2934 505 2981 Some
535 2934 598 2993 here,
619 2935 666 2982 and
686 2940 726 2997 yet
748 2936 767 2982 it
786 2936 806 2982 is
824 2950 839 2982 a
856 2935 983 2996 suspicions

62 3008 152 3056 pesona
173 2997 232 3045 have
252 3012 284 3045 nc
305 3002 371 3058 great
390 2998 459 3045 merit
479 2998 506 3045 in
536 3013 595 3047 case.
628 2996 882 3047 Itshouldbs‘sunt.’

62 3072 127 3109 naver
146 3061 238 3121 getting
254 3061 305 3109 into
321 3076 336 3108 a
352 3062 453 3122 passion,
469 3061 505 3108 for
566 3063 720 3124 Iracundiae]
734 3062 807 3109 “The
816 3061 891 3122 plural
901 3061 929 3108 of
935 3060 983 3108 this

62 3121 119 3175 fflflir
138 3127 222 3172 namra
242 3125 262 3172 is
280 3129 320 3172 too
338 3126 415 3186 torpid
431 3130 457 3172 to
474 3125 505 3173 he
535 3125 983 3187 abstractumexpressesherethereps·

62 3187 149 3235 mad.
164 3188 236 3236 lhom
245 3190 308 3237 what
323 3189 412 3237 follows
423 3187 441 3252 (⁴
449 3203 504 3236 eon·
535 3191 612 3246 tition,
629 3191 670 3238 the
685 3189 792 3251 frequent
808 3203 944 3237 comnenae
959 3187 984 3236 ol

63 3249 194 3310 sauma:
222 3253 374 3308 ‘maledicta'
400 3254 447 3300 and
478 3268 504 3300 so
535 3253 680 3315 thathing.”
713 3254 799 3313 Siiplle.

62 3311 140 3378 tau),
150 3331 185 3364 we
199 3331 253 3377 may
263 3316 323 3363 infer
339 3316 390 3362 that
403 3317 504 3368 Quintus
569 3317 727 3378 Utismah's]
762 3315 981 3365 caucasea

63 3374 105 3426 had
121 3379 185 3427 ottan
200 3379 259 3426 been
273 3380 299 3426 in
316 3379 409 3427 terrible
425 3381 505 3442 furies,
537 3385 553 3412 ‘⁴
560 3382 587 3432 li
594 3398 632 3432 we
639 3380 1002 3442 setoneerilsgamstanntluar,

58 3441 166 3489 cudraed
177 3442 273 3490 abacta
286 3443 412 3508 langusge,
428 3447 506 3498 umbe.
539 3443 902 3512 anafumtagamdsauctharl'
926 3442 1022 3496 Qatnu-
