2198 3758
97 165 155 228 172
465 166 666 227 EPISTOLA

135 325 222 385 XIV.
243 328 291 386 40,
312 323 369 384 Sed
388 323 523 403 quonism
543 324 654 405 primus
677 344 772 386 annus
793 324 898 386 habuit
918 325 953 386 de
971 325 1015 385 hae

95 416 316 495 reprehensione
336 416 492 496 plurimum
512 417 659 491 sermonis,
673 418 758 478 credo
778 424 931 497 propterea
950 417 1016 498 quod

84 507 150 568 'tibi
172 508 322 567 hominum
345 507 476 587 injuriae,
498 508 575 586 quod
600 508 743 583 avaritiae,
768 511 847 588 quod
872 510 1016 570 insolentia

94 603 209 678 praeter
234 599 398 677 opinionem
424 599 570 659 accidebat
594 605 625 660 et
647 601 837 662 intolerabilis
860 601 1016 674 videbatur,

95 690 238 749 secundus
248 695 344 749 autem
358 691 432 750 mult
419 691 559 763 tolenior,
570 691 648 769 quod
657 697 688 751 et
701 693 891 766 consuetudo,
902 699 934 753 et
942 693 1015 763 ratio,

94 786 126 841 et
142 787 177 840 ut
195 801 248 858 ego
250 781 400 854 arbitror,
413 802 493 841 meaa
509 803 621 861 quoque
639 783 753 843 litterae
770 789 802 843 te
822 784 1016 865 patientiorem
1058 772 1060 853 l

93 871 450 950 lenioremquefeceruut:
471 874 576 933 tertius
589 894 683 933 annus
697 874 738 934 ita
751 875 839 934 debet
853 869 1015 936 ess'eemen·
1057 858 1060 1001 Ξ

94 964 188 1038 datus,
202 971 236 1023 ut
249 985 286 1024 ue
299 964 445 1024 minimam
459 966 574 1044 quidem
587 986 647 1025 rem
665 966 815 1044 quisquam
828 967 924 1045 possit
939 967 1060 1026 ullam¹
1058 1035 1060 1049 ἱ

93 1057 310 1135 reprehendere.
349 1060 398 1118 41.
412 1057 480 1116 Ac
467 1077 528 1136 Jam
541 1057 671 1116 hocloco
684 1078 744 1117 nou
756 1058 924 1118 hortatione
934 1077 1016 1136 nequa

93 1148 262 1226 praeceptis,
283 1147 334 1208 sed
354 1148 487 1226 precibus
510 1153 608 1208 tecum
630 1149 765 1208 fraternis
789 1169 854 1228 ago,
874 1155 972 1210 totum
988 1155 1016 1208 ut
1058 1214 1060 1219 ,

93 1239 228 1312 animum,
243 1260 348 1313 curam,
363 1239 622 1318 cogitationemque
639 1246 720 1300 tuam
733 1261 825 1320 ponas
845 1242 878 1301 in
897 1243 1016 1302 omnium

92 1332 178 1391 laude
190 1331 317 1410 undique
331 1332 496 1410 colligenda.
539 1332 624 1407 Quod
638 1331 664 1391 si
676 1332 709 1391 in
721 1332 859 1392 mediocri
872 1339 956 1394 statu
968 1354 1015 1396 sar·

93 1425 186 1484 monis
208 1444 241 1484 ae
261 1424 480 1504 praedicationis
502 1430 619 1484 nostrae
638 1445 685 1484 res
705 1429 810 1497 essent,
827 1425 903 1484 nihil
923 1426 974 1486 abs
990 1433 1017 1484 te

77 1517 236 1590 eximium,
256 1517 330 1576 nihil
351 1521 466 1596 praeter
488 1516 607 1576 aliorum
631 1516 872 1577 consuetudinem
896 1518 1017 1596 postula·

92 1616 183 1669 retur.
220 1609 308 1668 Nune
321 1629 388 1668 vero
400 1613 520 1687 propter
533 1628 632 1667 earum
644 1629 741 1667 rerum
753 1607 906 1686 inquibus
919 1608 1018 1670 versati

93 1723 193 1762 sumus
207 1702 386 1780 splendorem
397 1707 428 1760 et
440 1700 677 1778 magnitudinem,
687 1700 745 1759 nisi
755 1720 897 1760 summam
910 1701 1019 1762 laudem

93 1814 128 1853 ex
147 1793 205 1852 ista
221 1793 366 1872 provincia
383 1793 569 1871 assequimur,
582 1791 630 1852 vix
642 1792 772 1851 videmur
789 1811 934 1851 summam
950 1792 1019 1852 vitu·

92 1886 270 1964 perationem
289 1906 373 1964 posse
386 1885 484 1944 vitare.
525 1886 569 1944 Ea
586 1890 688 1943 nostra
707 1884 781 1943 ratio
801 1890 846 1942 est
867 1890 905 1944 ut
926 1905 1020 1945 omnes

92 1977 162 2036 boni
181 1997 270 2055 quum
290 1977 413 2050 faveant,
434 1982 499 2035 tum
519 1976 605 2035 etiam
625 1996 739 2035 omnem
760 1995 777 2034 a
797 1975 882 2036 nobis
905 1977 1019 2055 diligen·

92 2069 164 2128 tiam
174 2069 366 2147 virtutemque
379 2074 409 2127 et
419 2069 568 2147 postulent
582 2073 612 2126 et
626 2073 801 2146 exspectent,
811 2087 913 2127 omnes
927 2075 1021 2128 autem

92 2161 215 2239 improbi
234 2161 309 2239 quod
331 2181 397 2219 cum
418 2160 453 2218 iis
475 2160 583 2218 bellum
605 2160 811 2237 sempiternum
835 2161 1020 2240 suscepimus,

92 2254 138 2312 vel
150 2253 268 2311 minima
276 2273 308 2311 re
322 2253 359 2311 ad
368 2251 635 2330 reprehendendum
645 2251 776 2310 contenti
787 2270 851 2310 esse
860 2251 1018 2312 videantur.

92 2349 140 2404 42.
162 2344 258 2419 Quare
280 2344 414 2422 quoniam
435 2342 576 2422 ejusmodi
595 2343 742 2401 theatrum
763 2347 808 2401 est
827 2343 932 2417 totius,
952 2344 1019 2404 cale-

92 2436 198 2496 britate
219 2435 446 2508 refertissimum,
464 2434 662 2512 magnitudine
684 2434 901 2513 amplissimum,
915 2436 1018 2516 judicio

92 2557 131 2605 Ad
153 2556 204 2604 Att.
231 2557 260 2602 iv.
285 2559 311 2603 l:
342 2557 400 2603 “ita
426 2560 481 2604 suut
501 2571 538 2603 res
569 2570 623 2616 sage
638 2571 735 2617 appears
753 2555 808 2602 thus
825 2556 850 2603 in
864 2570 931 2604 some
944 2561 1016 2604 texta:

92 2625 197 2670 nostrae:
216 2621 286 2667 utin
305 2621 418 2677 secundis,
436 2620 536 2677 fluxae,”
571 2620 715 2666 “theatrum
751 2620 797 2666 tuis
828 2621 957 2668 virtutibus
986 2625 1016 2667 est

93 2685 208 2742 &c.;aud
216 2685 253 2732 Ad
265 2685 330 2731 Fam.
341 2685 379 2732 xii.
392 2687 415 2731 2.
433 2685 520 2746 Siipfle.
571 2682 677 2730 datum.”
719 2683 771 2730 The
796 2685 907 2746 meaning
933 2685 960 2732 oi
980 2683 1015 2731 tha

126 2752 163 2797 14.
184 2750 251 2805 Quod
266 2751 287 2796 ai
304 2751 329 2794 in
347 2749 468 2805 mediocri,
483 2748 537 2808 δια]
570 2748 647 2794 whole
662 2762 758 2809 passage
773 2748 794 2794 is
810 2748 865 2803 this,
876 2749 920 2796 the
930 2762 1013 2811 expres·

93 2814 173 2874 Siipfle
184 2828 236 2874 says
250 2813 302 2859 that
311 2813 352 2858 the
362 2812 451 2873 brevity
462 2813 488 2858 of
501 2813 541 2859 the
572 2813 623 2859 sion
639 2812 709 2871 being
725 2812 827 2859 founded
843 2827 875 2859 οιι
891 2814 933 2860 the
943 2813 1013 2860 notion

92 2877 279 2939 genitiveinthis
290 2880 398 2922 sentence
410 2874 539 2938 (sermonis,
572 2876 599 2923 of
612 2891 627 2922 a
643 2876 748 2922 theatra:
775 2880 789 2903 ‘¹
798 2876 944 2933 Wherefore,
960 2877 1012 2924 since

93 2941 147 3005 dcc)
166 2945 251 2988 cannot
262 2941 291 2987 be
302 2940 430 3000 expressed
440 2941 465 2986 in
482 2941 540 2987 Ger·
571 2955 618 3001 you
638 2940 697 2986 have
723 2940 779 2986 such
806 2954 821 2986 a
847 2941 947 3000 theatra,
966 2938 1012 2987 with

92 3022 155 3054 man.
178 3006 230 3052 Nor
241 3020 283 3051 can
294 3005 348 3051 itin
359 3004 464 3064 English.
489 3005 541 3050 The
573 3008 700 3064 spectatam
708 3004 1011 3062 mosterowded,indimea·

92 3071 188 3118 student
199 3069 281 3117 should
296 3068 397 3115 exercise
407 3067 502 3114 himself
510 3083 541 3114 on
572 3069 634 3115 sions
652 3072 715 3114 most
733 3068 816 3129 ample,
835 3068 862 3114 in
879 3068 1011 3116 discrimm
1057 3087 1060 3119 ῑ

92 3136 149 3182 such
160 3148 274 3194 passages.
572 3133 622 3178 tion
638 3137 701 3178 most
717 3132 858 3192 practised,¹
851 3147 877 3178 m
895 3133 927 3180 its
940 3136 1012 3179 nana

127 3201 255 3246 Theatrum
273 3196 416 3256 saliatica]
450 3194 527 3241 Thra
520 3210 540 3241 rs
571 3200 612 3242 too
623 3211 648 3243 so
659 3200 776 3250 resonant
790 3197 844 3243 that
856 3197 899 3244 the
912 3197 1060 3259 applause
1059 3202 1060 3207 ’

91 3262 184 3311 auden
174 3262 208 3323 ly
216 3264 317 3321 corrupt
351 3260 423 3306 Orelli
435 3264 539 3320 suggests
571 3261 617 3306 and
639 3261 721 3308 shouts
742 3275 781 3307 are
803 3260 892 3308 echoed
913 3275 970 3308 even
990 3262 1011 3303 a
1059 3280 1060 3307 ι

88 3327 147 3384 that,
164 3325 241 3373 ist
198 3325 299 3386 nothing
314 3325 356 3371 has
372 3323 493 3379 beenlost,
505 3339 540 3370 we
572 3325 672 3371 Romel’
706 3323 857 3372 ‘Celebritas'
868 3319 1011 3388 isexplalned

71 3391 156 3466 'ought
162 3391 271 3453 perhaps
282 3396 307 3438 to
318 3389 393 3438 read*
402 3405 428 3438 es
440 3387 541 3436 sortitus'
576 3403 598 3435 c.
608 3391 633 3440 b,

67 3453 177 3520 aphes
192 3456 244 3505 of
252 3455 395 3506 esttotius.¹
431 3455 552 3518 Thapas
