2174 3764
249 185 546 246 EPISTOLARUM
565 185 684 245 LIBRI
703 185 802 246 DUO.
931 189 990 246 235

57 344 176 406 confieri
191 345 284 417 debet,
297 343 474 424 propinquos
492 363 525 403 ac
537 342 701 416 familiares,
715 342 772 423 ipsi
784 342 846 423 pari
857 345 990 404 molestia

57 436 224 498 alliciuntur
235 457 329 515 neque
351 436 414 495 sine
433 434 558 495 lacrimis
577 435 678 494 multis
698 435 729 494 id
747 435 845 494 conari
857 441 989 513 possunt,

57 527 101 588 uti
123 527 218 604 magis
243 527 299 607 ipsi
321 526 474 587 videantur
496 526 616 587 aliorum
640 527 836 586 consolatione
861 526 991 605 indigere

57 639 141 699 quam
155 619 220 678 aliis
233 639 317 697 posse
336 639 421 677 suum
436 618 561 678 officium
577 623 740 696 praestare:
761 624 860 678 tamen
873 639 945 698 quae
958 619 991 679 in

56 709 221 789 praesentia
241 709 273 768 in
293 715 421 769 mentem
434 709 506 768 mihi
517 713 669 782 venerunt,
684 709 797 770 decrevi
809 711 889 770 brevi
906 711 943 770 ad
959 717 990 771 te

56 801 251 880 perscribere3
270 821 330 860 non
348 821 405 879 quo
428 820 463 860 ea
482 805 514 860 te
533 800 634 878 fugere
655 801 824 874 existimem,
845 802 896 860 sed
914 802 991 882 quod

56 892 180 954 forsitan
207 893 304 952 dolore
329 892 485 971 impeditus
513 892 609 951 minus
636 911 670 950 ea
695 893 861 970 perspicias.
912 894 991 970 Quid

58 983 193 1065 estquod
205 989 289 1043 tanto
304 1003 389 1062 opere
402 989 433 1042 te
446 988 622 1042 commoveat
636 989 706 1043 tuus
717 982 798 1043 dolor
807 983 991 1046 intestinus?

58 1075 163 1154 Cogita
176 1075 416 1155 quemadmodum
433 1075 527 1134 adhuc
544 1074 663 1134 fortuna
678 1075 828 1134 nobiscum
841 1076 943 1153 egerit,
956 1097 992 1136 ea

56 1168 139 1229 nobis
154 1172 254 1246 erepta
272 1186 335 1226 esse
349 1185 421 1243 quae
434 1166 598 1226 hominibus
615 1186 676 1225 non
694 1167 790 1225 minus
809 1187 893 1244 quam
907 1167 991 1227 liberi

57 1279 122 1319 cara
134 1279 199 1319 esse
210 1257 464 1336 debent,pat1iam,
474 1257 666 1330 honestatem,
677 1257 857 1336 dignitatem,
866 1257 991 1319 honores

22 1382 25 1389 ·
58 1370 167 1411 omnes.
212 1350 280 1409 Hoc
302 1369 362 1409 uno
383 1348 563 1408 incommodo
590 1349 689 1408 addito
710 1349 779 1428 quid
803 1350 839 1408 ad
863 1349 990 1410 dolorem

57 1441 176 1522 adjungi
198 1440 319 1520 potuit?
347 1446 399 1500 aut
422 1439 472 1518 qui
494 1460 555 1499 non
576 1439 608 1499 in
628 1440 685 1499 illis
708 1441 795 1500 rebus
815 1441 990 1502 exercitatus

57 1534 170 1595 animus
183 1533 286 1592 callere
296 1533 357 1612 jam
375 1532 461 1591 debet
474 1537 561 1610 atque
574 1531 670 1590 omnia
682 1531 801 1590 minoris
815 1532 991 1592 aestimare?

57 1626 106 1686 An
125 1625 205 1685 illius
225 1623 325 1696 vicem,
344 1623 437 1696 credo,
458 1623 559 1684 doles?
601 1623 724 1697 Quoties
745 1623 777 1681 in
798 1643 860 1682 eam
884 1624 990 1701 cogita-

57 1717 167 1778 tionem
182 1735 301 1775 necesse
321 1720 367 1775 est
385 1720 416 1774 et
428 1719 464 1774 tu
476 1714 597 1788 veneris,
611 1719 642 1774 et
661 1735 715 1774 nos
729 1733 815 1793 saepe
827 1715 990 1790 incidimus,

58 1809 134 1869 hisce
146 1806 326 1887 temporibus
344 1826 405 1867 non
418 1806 541 1884 pessime
560 1820 626 1864 oum
638 1805 675 1865 iis
690 1825 753 1865 esse
773 1812 871 1865 actum
886 1806 991 1885 quibus

58 1898 118 1960 sine
138 1898 239 1959 dolore
261 1897 373 1957 licitum
395 1902 440 1956 est
466 1902 589 1956 mortem
612 1917 679 1957 cum
702 1897 763 1957 vita
788 1900 991 1960 commutare?

59 1990 135 2066 Quid
159 1994 258 2050 autem
280 1989 340 2048 fuit
359 1988 437 2067 quod
456 1988 534 2047 illem
556 1989 611 2049 hoc
629 1995 760 2069 tempore
774 1990 818 2063 ⁴ad
837 1990 991 2050 vivendum

58 2178 284 2242 ‘Propterea’came
299 2184 324 2226 to
339 2178 370 2226 be
385 2179 508 2226 usedasa
539 2179 591 2226 sliu
611 2178 673 2226 from
694 2193 743 2227 use.
777 2180 861 2228 “Mihi
943 2183 990 2229 cal·

57 2245 128 2306 single
143 2243 215 2298 word,
228 2243 276 2289 and
292 2243 333 2289 the
350 2243 508 2302 grammatica}
539 2248 685 2290 coementum
696 2244 798 2295 solorum
809 2244 913 2291 callum'’
930 2245 990 2308 (Cic.

57 2309 175 2371 propriety
183 2306 210 2353 of
215 2307 257 2354 the
269 2305 314 2353 ‘ea’
323 2321 370 2352 was
378 2306 506 2366 neglected.
539 2307 608 2353 'l'uso
629 2307 725 2358 Quaest.
740 2323 762 2354 v.
779 2306 838 2369 32);
855 2314 918 2370 “my
935 2310 991 2371 only

58 2371 99 2420 ⁸oe
109 2373 148 2420 De
164 2372 220 2419 Am.
232 2385 252 2417 c.
264 2371 287 2428 8,
304 2374 416 2417 note—‘⁶
426 2371 447 2417 Ii
462 2370 508 2431 ipsi
539 2371 596 2417 shoe
606 2370 626 2416 is
638 2371 678 2416 the
694 2371 779 2417 callum
795 2373 823 2418 of
835 2388 876 2434 my
885 2372 991 2420 feet.”-

56 2435 137 2496 μήτ”
155 2434 238 2483 Orelli.
539 2434 695 2481 ‘Existimare
705 2433 720 2481 :’
738 2435 819 2482 Orelli.

86 2498 235 2561 Propinqui]
263 2497 321 2543 'l'his
331 2497 402 2554 word,
414 2497 455 2544 the
466 2512 507 2559 op·
574 2500 718 2555 illicereris,
730 2499 785 2560 δια]
821 2499 989 2547 ‘Veneris’de-

57 2563 169 2623 positsof
184 2559 335 2623 ‘longinqui'
350 2562 456 2608 onomius
467 2562 508 2608 the
539 2562 614 2623 penda
632 2576 663 2607 on
686 2567 794 2609 ‘necesse
816 2562 868 2610 est!
913 2564 990 2611 ‘Inci-

23 2679 27 2686 ,
57 2627 157 2674 clement
174 2624 255 2687 ‘prop’
274 2623 375 2687 (prope),
392 2626 418 2672 ol
432 2626 508 2672 which
540 2624 624 2672 dimus’
644 2626 699 2672 does
715 2631 772 2682 not3
789 2627 807 2673 it
826 2628 845 2674 is
863 2642 877 2673 a
895 2627 991 2673 distinct

58 2689 179 2753 ‘proximi’
202 2690 244 2738 the
266 2689 406 2750 superlative
427 2692 507 2750 (prop-
538 2688 684 2736 affirmation.
709 2690 904 2737 On‘incidimus'
917 2691 991 2737 Orelli

57 2753 508 2877 τεττξξτττττττ
538 2753 660 2864 reru
673 2753 991 2879 τξττεξετ

10 2862 12 2873 ι
587 2852 592 2874 5

10 2890 12 2921 ἰ
57 2853 211 2944 dmficadon
221 2882 346 2942 generally.
476 2917 479 2922 .
539 2881 758 2941 arsengagedwith,
768 2886 810 2926 not
818 2881 992 2937 Cicero,which

85 2949 124 2995 Eo
146 2946 215 2994 noto
231 2949 312 3004 erepta
330 2944 389 3006 esse]
424 2944 510 2991 Caesar
540 2945 581 2991 the
600 2946 674 2991 critice
692 2945 751 2991 have
767 2951 808 2991 too
824 2945 887 2990 osten
904 2944 990 3005 torgot-

58 3023 100 3059 ω
127 3025 182 3057 now
203 3013 229 3056 at
254 3008 295 3055 the
321 3008 403 3068 height
424 3008 452 3054 of
471 3008 509 3054 his
540 3014 580 3055 ten
588 3007 681 3064 ;”asif
688 3009 736 3055 this
747 3013 810 3054 most
820 3008 991 3068 accomplished

58 3086 139 3133 power.
182 3073 221 3120 He
242 3087 288 3119 was
309 3073 391 3118 consul
412 3071 448 3118 for
468 3072 509 3119 the
541 3072 634 3119 &man
645 3072 714 3119 could
724 3076 767 3118 not
777 3072 842 3118 write
854 3072 931 3119 Latin.

58 3136 134 3186 fourth
150 3138 210 3185 time
227 3136 327 3182 without
348 3151 363 3181 a
383 3136 508 3196 colleague,
572 3137 677 3183 Mortem
688 3137 801 3182 cumcito
812 3136 989 3197 commutaret]

58 3203 99 3249 aad
110 3217 159 3250 was
175 3214 236 3262 gone
248 3204 274 3246 to
285 3200 355 3246 finish
368 3199 408 3246 the
418 3214 466 3245 war
483 3199 509 3245 in
540 3198 663 3246 Manutius
678 3199 786 3246 observes
802 3200 854 3246 that
870 3200 917 3246 this
931 3200 991 3245 form

21 3287 25 3297 v
59 3264 128 3327 Spain
154 3265 247 3326 against
273 3262 314 3310 the
335 3278 391 3310 sons
413 3263 441 3310 of
463 3262 507 3310 Cu.
539 3264 566 3309 os
575 3263 852 3323 expressionisnotused
862 3263 893 3324 by
902 3263 991 3319 Cicero,

58 3327 182 3393 Pompeius
193 3328 303 3388 Magnus.
540 3326 688 3373 sofmashe
702 3327 788 3374 kuows.
820 3326 872 3374 The
882 3341 995 3374 common

89 3393 193 3455 Gallere]
240 3391 295 3438 ‘'l'o
318 3389 348 3438 be
372 3388 507 3439 hardened!
542 3390 705 3439 construction
714 3389 840 3437 ot⁸mutd
848 3390 1013 3435 'assuescan-

61 3456 170 3505 ‘omum’
187 3457 210 3502 is
228 3469 244 3502 a
263 3454 398 3518 hardeuing
418 3455 446 3504 of
468 3456 511 3507 the
546 3458 624 3506 sative
633 3455 685 3505 and
694 3451 936 3503 annumerandas*
947 3441 1019 3491 snm}
