2198 3758
108 190 146 247 58
434 190 540 250 CATO
561 190 714 252 MAJOR

47 336 51 343 ’
108 345 221 404 Solonis
234 346 347 424 quidem
369 348 507 426 sapientis
529 296 729 426 elogiumiesu
744 341 845 428 quosc
865 357 955 429 negat
969 353 1047 412 velle

108 457 189 495 suam
203 445 326 497 mortem
339 439 436 498 dolore
449 440 606 499 amicorum
619 447 650 500 et
662 441 796 500 lamentis
810 461 917 501 vacare.
957 443 1045 516 Vult,

107 529 201 600 credo,
226 550 257 588 se
284 550 347 589 esse
373 551 472 590 carum
497 531 575 606 auis3
606 532 657 591 sed
682 532 760 591 haud
786 533 844 592 scio
871 553 909 592 an
936 535 1046 594 melius

107 620 221 679 Ennius
233 646 240 680 :

265 739 342 785 Nemo
353 753 391 786 me
401 739 509 787 lacrumis
520 739 614 788 decoret
623 754 700 803 nequo
710 740 793 788 lunera
802 742 861 790 flatu

265 814 340 862 Faxit

107 925 154 986 74.
176 927 246 984 Non
269 932 368 985 censet
387 927 542 1003 lugendam
564 948 627 1015 esse
646 934 770 987 mortem
790 949 874 1007 quarn
892 929 1043 991 immorta-

105 1018 173 1077 litas
183 1025 384 1097 consequatur.
409 1021 430 1078 J
431 1040 476 1078 am
488 1040 589 1078 sensus
600 1021 740 1078 moriendi
749 1021 850 1099 aliquis
859 1041 923 1079 esse
932 1029 1042 1100 potest,

105 1110 188 1188 isque
202 1111 239 1168 ad
252 1112 387 1187 exiguum
406 1117 522 1189 tempus
541 1112 711 1189 praesertim
731 1111 812 1170 seni:
833 1119 901 1190 post
915 1120 1043 1173 mortem

106 1201 222 1280 quidem
236 1222 338 1260 sensus
351 1207 403 1261 aut
417 1202 561 1281 optandus
575 1208 626 1261 aut
638 1203 737 1261 nullus
751 1208 804 1262 est.
846 1204 901 1262 Sed
916 1205 972 1263 hoc
983 1226 1041 1264 me·

106 1293 231 1352 ditatum
244 1293 279 1352 ab
294 1293 486 1353 adolescentis
497 1294 582 1353 debet
596 1312 658 1352 esse
672 1300 793 1352 mortem
804 1299 838 1352 ut
848 1295 1040 1372 negligamus,

106 1385 168 1443 sine
183 1405 239 1464 qua
252 1385 439 1444 meditatione
452 1386 608 1463 tranquillo
629 1405 692 1443 esse
713 1385 808 1444 animo
828 1405 914 1444 nemo
930 1391 1038 1464 potest

105 1476 291 1536 Moriendum
305 1477 381 1534 enim
396 1482 473 1534 certe
487 1483 541 1549 est,
555 1482 586 1535 et
603 1476 633 1535 id
645 1476 789 1534 incertum
802 1497 840 1535 un
856 1496 890 1534 eo
903 1477 969 1555 ipso
983 1479 1038 1538 die.

105 1567 235 1627 Mortem
257 1567 348 1644 igitur
368 1568 501 1627 omnibus
524 1568 602 1627 horis
625 1568 838 1646 impendentem
860 1569 968 1629 timens
982 1570 1038 1649 qui

104 1659 213 1737 poterit
227 1659 321 1717 animo
335 1658 516 1718 consistere?
556 1660 574 1720 7
576 1663 603 1719 5.
624 1660 671 1718 De
684 1679 740 1736 qua
753 1679 813 1717 non
826 1659 868 1717 ita
880 1659 969 1737 longu
982 1661 1036 1720 dis·

103 1750 256 1830 putatione
266 1770 339 1828 opus
350 1771 412 1809 esse
421 1751 542 1824 videtur,
552 1771 641 1829 quum
650 1750 790 1822 recorder,
796 1771 856 1809 non
865 1752 899 1809 L.
909 1751 1035 1812 Brutum

104 1842 155 1920 qui
167 1842 199 1900 in
211 1842 358 1901 liberanda
370 1843 464 1921 patria
477 1849 523 1901 est
535 1842 715 1915 interfectus,
726 1862 785 1900 non
800 1842 856 1901 duo
867 1843 973 1902 Decios
987 1843 1035 1922 qui

104 1935 141 1992 ad
150 1934 340 1992 voluntariam
352 1940 474 1992 mortem
485 1955 601 1993 cursum
614 1954 752 2011 equorum
763 1934 965 2007 incitaverunt,
976 1955 1035 1994 non

104 2025 149 2084 M.
159 2026 283 2085 Atilium
294 2026 344 2104 qui
357 2027 394 2085 ud
408 2025 579 2105 supplicium
593 2025 797 2106 est'profectus
810 2031 845 2083 ut
858 2026 945 2084 fidem
958 2027 1035 2085 hosti

137 2194 242 2255 Solonis]
276 2193 328 2239 The
345 2208 422 2239 verses
439 2192 465 2239 of
481 2192 553 2239 Solon
585 2189 1036 2246 ‘fecerim,’anotherandamoreusual

103 2274 143 2305 are
159 2258 282 2320 preserved
301 2257 333 2318 by
349 2258 458 2303 Plutarch
474 2257 499 2302 in
517 2257 553 2302 his
584 2255 653 2302 form.
685 2255 736 2302 The
754 2255 838 2302 second
851 2271 916 2301 verse
932 2257 952 2302 is
968 2257 1035 2317 given

104 2324 249 2382 comparison
275 2321 302 2367 of
327 2321 397 2367 Solon
421 2321 468 2367 and
490 2320 552 2366 Pub·
585 2319 699 2379 complete
717 2320 742 2366 in
758 2320 799 2365 the
815 2318 961 2367 Tusculanae
980 2321 1034 2368 Dis·

103 2386 180 2433 licola.
585 2383 717 2444 putatiouss
729 2382 758 2445 (is
771 2381 825 2445 15):

105 2471 173 2531 Μηδὲ
201 2489 242 2534 μοι
272 2470 412 2528 ἄκλαυστος
444 2469 554 2530 θάνατος
618 2475 720 2520 “Fexit.
753 2474 817 2522 Cur?
833 2475 906 2521 volito
917 2473 980 2523 vivu'
994 2491 1035 2539 per

168 2538 246 2596 μόλοι,
259 2535 327 2584 ἀλλὰ
339 2537 445 2596 φίλοισιν
648 2553 688 2585 ora
698 2538 799 2585 virum·”

137 2597 405 2660 Καλλείποιμιθανὼν
423 2596 553 2662 ἅλγεακαὶ
617 2634 727 2695 Eoipw]
763 2632 913 2695 ‘Hoeipwp
928 2649 954 2681 ω
970 2649 1035 2682 ΜΘ

168 2663 304 2725 στοναχάς·
585 2697 764 2745 Mssuaveu.

103 2765 171 2826 They
191 2778 230 2810 are
251 2763 307 2809 thus
325 2762 453 2808 translated
470 2762 495 2808 in
513 2763 554 2809 the
617 2763 673 2808 Non
695 2765 730 2809 lto
752 2761 832 2822 lonya]
867 2761 907 2809 An
925 2762 1036 2823 elliptical

103 2828 249 2876 Tusculanae
260 2827 444 2891 Disputationes,
456 2826 471 2872 i.
484 2829 548 2874 49-
585 2827 726 2886 expression,
754 2825 875 2886 probably.
921 2827 1036 2874 However

105 2924 197 2972 “Mors
213 2937 265 2967 mea
285 2920 315 2967 rie
335 2926 411 2967 careat
429 2921 552 2968 lacrumis:
585 2890 632 2935 this
654 2889 1036 2974 maybe3itnmeaps‘1110vefy

585 2953 641 3013 long
667 2953 802 2999 discussion.
843 2953 971 3014 tempure
998 2954 1036 3002 Ad

129 2989 449 3100 Meldidilehliludtwddidhrent
471 3047 554 3095 funera
585 3017 768 3126 gdefifdgbgtid
790 3021 861 3127 “ffln
870 3017 1036 3130 ffiaocerbfffl

167 3131 221 3161 cum
232 3112 345 3175 gemitu.''
586 3149 601 3172 a
608 3145 641 3191 ita
652 3143 750 3190 multa„

135 3211 230 3272 Faria]
249 3210 300 3256 The
310 3208 369 3256 form
382 3206 467 3263 ‘saxu’
479 3208 554 3254 which
617 3207 779 3268 MAliliam]
809 3207 845 3253 M.
857 3206 944 3255 Atilius
956 3207 1037 3268 Regu-

104 3272 552 3334 occurs,issvidentlyafut11re‘fao-
583 3272 628 3327 lus,
653 3272 704 3317 who
727 3287 772 3317 was
794 3271 864 3317 taken
880 3272 986 3332 prisoner
1005 3271 1038 3332 by

96 3337 203 3394 sra'lilre
213 3339 255 3384 tho
267 3338 343 3385 Greek
354 3338 451 3384 λεκ-σω.
472 3336 553 3381 Faxim
584 3335 625 3381 the
652 3335 835 3394 Carthaginians
863 3335 910 3382 and
935 3339 990 3381 sent
1010 3341 1038 3382 to

86 3399 207 3461 (tho-sim)
216 3403 240 3448 is
250 3418 266 3449 a
276 3402 339 3449 form
353 3403 381 3450 of
388 3403 431 3450 the
443 3401 554 3462 subjunc-
586 3400 664 3446 Rome
678 3404 704 3444 to
719 3400 775 3444 otler
788 3399 831 3444 the
841 3398 946 3445 Rom
956 3412 1036 3459 peace,

73 3463 127 3519 tire,
145 3464 225 3511 which
243 3468 290 3516 has
308 3469 354 3517 the
369 3484 440 3518 same
451 3481 559 3517 senseat
592 3479 627 3512 on
646 3462 769 3512 condition
786 3460 811 3506 ol
824 3461 1041 3519 rstmmngtoh'm
