2174 3764
52 212 55 219 '
108 203 147 260 84
239 199 242 204 ’
300 244 302 249 >
477 200 663 261 LAELIUS.

106 377 209 416 nerum
222 357 466 437 humanarumque
478 379 574 418 rerum
584 379 650 418 cum
659 356 860 418 benevolentia
873 362 905 418 et
914 356 1035 418 00011010

107 469 218 508 summa
229 450 396 523 consensi03
417 471 472 528 qua
486 451 600 529 quidem
614 450 690 509 haud
698 449 761 508 'seio
775 469 814 508 an
827 455 949 529 excepta
961 449 1035 529 sepi·

106 540 186 598 entia
197 541 270 599 nihil
282 542 385 601 melius
400 530 513 600 homini
531 542 569 601 sit
591 563 608 600 a
621 542 687 601 Diis
700 541 910 601 immortalibus
925 541 1034 600 datum.
1051 602 1060 621 ,

23 674 26 679 -
105 633 230 692 Divitias
257 632 305 691 alii
330 640 521 712 praeponunt,
547 634 664 693 bonam.
682 633 730 691 alii
755 633 960 704 valetudinem,
986 631 1035 690 alii

105 724 273 801 potentiam,
284 725 332 783 alii
345 725 476 796 honores,
485 725 571 783 multi
580 725 667 783 etiam
676 725 849 802 voluptates.
877 724 1035 810 Beluarum

105 815 160 874 hoc
173 815 288 893 quidem
301 822 460 874 extremum
475 816 546 893 [est]
558 841 565 875 ι
586 816 635 874 illa
648 820 745 874 autem
761 814 910 893 superiora
928 814 1036 873 caduca

106 912 138 964 et
150 906 267 979 ineerta,
277 907 372 985 posita
384 927 444 967 non
456 913 516 965 tam
529 907 561 965 in
575 907 699 967 consiliis
712 907 821 965 nostris
834 927 920 985 quam
932 906 966 964 in
977 906 1035 965 for·

106 1002 195 1056 tunee
208 999 380 1058 temeritate.
422 999 482 1074 Qui
495 1003 592 1057 autem
605 998 637 1056 in
646 999 754 1056 virtute
768 1017 914 1057 summum
926 997 1035 1057 honum

29 1110 32 1115 ·
49 1080 53 1087 ’
106 1094 228 1166 ponunt,
242 1091 385 1168 praeclare
398 1090 441 1148 illi
453 1090 568 1168 quidem
579 1114 586 1161 3
607 1089 657 1148 sed
670 1089 739 1148 haec
756 1089 821 1166 ipsa
832 1088 927 1148 virtus
940 1087 1035 1147 amici·

107 1179 178 1239 tiam
188 1186 219 1239 et
232 1181 325 1259 gignit
339 1187 369 1240 et
382 1182 530 1252 continet3
551 1200 606 1239 nec
625 1181 687 1239 sine
700 1180 809 1238 virtute
829 1178 956 1239 amicitia
973 1199 1035 1238 esse

108 1272 167 1332 ullo
189 1279 274 1351 pacto
296 1279 430 1352 potesne
442 1277 488 1332 21.
519 1273 587 1331 Jam
607 1272 743 1331 virtutem
769 1291 805 1330 ex
826 1271 1035 1330 consuetudine

109 1362 184 1422 vitoe
203 1366 396 1443 sermonisque
413 1363 507 1424 nostri
523 1363 754 1441 interpretemur,
768 1382 822 1422 nec
840 1382 912 1435 eam,
925 1369 962 1421 ut
975 1362 1033 1442 qui-

111 1456 176 1515 dam
199 1457 284 1530 docti,
306 1457 456 1516 verborum
481 1454 693 1532 magnificentia
713 1454 884 1526 metiamur;
903 1454 1034 1532 virosque

111 1547 201 1606 bonos
224 1568 273 1607 eos
296 1548 346 1626 qui
367 1549 512 1607 habentur
533 1566 725 1617 numeremus,
749 1545 875 1616 Paullos,
900 1546 1033 1616 Catones,

111 1639 221 1711 Gallos,
231 1639 385 1718 Scipiones,
397 1639 510 1698 Philos:
528 1637 573 1696 his
584 1635 741 1697 communis
750 1636 810 1695 vita
823 1642 962 1696 contenta
975 1641 1032 1695 est:

113 1750 161 1789 eos
181 1735 278 1788 autem
297 1731 462 1790 omittamus
476 1728 526 1808 qui
543 1729 660 1789 omnino
679 1748 821 1806 nusquam
838 1728 1032 1809 reperiuntur.

111 1821 194 1880 Tales
220 1821 311 1898 igitur
334 1821 411 1880 inter
432 1821 508 1880 viros
534 1820 659 1879 amicitia
684 1824 781 1878 tantas
805 1819 1033 1898 opportrnitates

113 1911 199 1973 hebet
212 1917 333 1989 quantas
346 1912 393 1971 rix
406 1932 479 1990 queo
498 1911 601 1971 dicere.
641 1915 688 1970 22.
709 1909 863 1988 Principio,
877 1911 928 1988 qui
940 1914 1034 1990 potest

113 2023 176 2062 esse
188 2002 248 2062 vita
259 2002 362 2077 nitelis,
375 2009 410 2064 ut
428 2004 469 2062 ait
482 2002 604 2075 Ennius,
618 2022 691 2081 quae
711 2021 771 2060 non
790 2000 822 2060 in
840 2002 924 2061 amici
937 2008 1035 2061 mutua

113 2192 197 2248 minae,
208 2193 348 2240 consortium
358 2193 512 2248 entissime,
523 2193 559 2238 di·
589 2191 668 2254 quam'
676 2192 701 2239 in
708 2192 773 2253 place
783 2191 811 2239 01
823 2189 914 2239 ‘nihii’
947 2191 991 2239 See
1000 2190 1036 2238 Dc

113 2256 161 2302 vini
181 2259 205 2302 et
228 2256 325 2303 hnmani
348 2258 407 2317 juris
431 2257 559 2303 001010001-
591 2257 645 2302 Seu.
659 2258 695 2304 16.
714 2256 768 2303 Itis
779 2259 822 2303 not
832 2255 1037 2317 improbablsthat

114 2317 199 2366 ‹auol’
247 2320 453 2368 ‘communicatio'
478 2333 559 2366 means
591 2320 684 2367 Roman
700 2335 770 2381 usage
783 2319 1037 2380 mightbesomswhet

115 2383 170 2430 ‘the
186 2383 412 2432 interoommuuion.’
451 2384 560 2431 Between
591 2384 707 2430 unsettled
717 2384 743 2431 in
753 2383 1037 2441 aucmentacione

113 2446 221 2495 husband
237 2447 283 2494 and
300 2449 352 2495 wife
366 2449 431 2496 there
441 2448 461 2494 is
471 2463 486 2494 a
496 2462 560 2494 com·
591 2452 644 2508 part
660 2447 688 2494 01
700 2448 741 2494 the
758 2448 835 2494 clause
853 2446 956 2494 ‘utrum'
970 2447 1038 2508 being

114 2512 176 2574 pleta
197 2512 357 2572 participation
378 2513 403 2558 in
424 2513 455 2559 all
473 2512 559 2572 things.
592 2511 737 2572 suppressed,
746 2511 787 2558 the
800 2511 947 2559 enunciation
958 2512 986 2558 01
997 2511 1038 2558 the

115 2575 207 2622 Lselius
213 2576 314 2636 requires
322 2576 362 2622 the
370 2590 434 2623 same
441 2576 466 2622 in
474 2575 561 2622 friend·
592 2576 678 2622 second
694 2576 770 2636 might
785 2574 815 2622 be
829 2575 951 2636 carelessly
963 2575 1037 2622 made

115 2640 174 2700 ship,
186 2639 223 2685 101·
241 2639 308 2685 when
327 2640 357 2686 he
375 2655 427 2701 says
442 2640 561 2686 ‘omnium
592 2639 655 2687 lam
670 2639 771 2686 inclined
788 2643 814 2685 to
827 2638 896 2684 think
909 2639 962 2685 that
971 2639 1039 2686 when

115 2702 561 2760 divinarum,&c.oonsensio,’hemeans
592 2703 633 2750 the
643 2704 720 2750 writer
727 2702 1040 2763 intendstogivehisassent

114 2784 129 2816 a
141 2767 229 2829 perfect
238 2773 371 2828 agreement
384 2768 410 2815 01
424 2768 561 2828 opinionon
592 2771 617 2813 to
628 2783 642 2813 a
652 2767 765 2828 negative,
780 2781 805 2813 es
821 2767 846 2812 in
862 2766 911 2813 this
927 2767 1040 2825 instance,

115 2833 147 2880 011
154 2832 239 2892 things,
251 2831 326 2877 which
335 2831 360 2877 in
370 2831 435 2878 itself
448 2831 503 2878 does
519 2834 561 2877 not
591 2831 632 2878 the
643 2831 749 2890 negative
760 2830 843 2877 should
852 2829 883 2876 be
898 2829 1038 2890 expressed:

115 2896 183 2943 make
203 2895 339 2956 friendship‚
359 2895 396 2942 101·
413 2895 433 2942 it
451 2898 515 2941 must
530 2893 561 2940 be
591 2894 638 2940 end
653 2909 678 2940 so
692 2895 718 2941 in
729 2895 766 2941 De
775 2894 845 2955 legg.
857 2894 873 2940 i.
889 2895 928 2951 21,
939 2893 978 2940 Ad
988 2894 1040 2941 stt.

115 2960 237 3008 combined
263 2959 318 3005 with
337 2959 427 3005 mutual
444 2957 561 3019 good-will
591 2959 621 3006 iv.
633 2961 656 3014 3,
670 2960 691 3014 1,
703 2958 778 3004 where
789 2957 1019 3005 orellihwnussi!

115 3022 562 3084 andsffection,butthisperfeetagree·
629 3021 831 3083 opportunitates]
865 3020 916 3067 'l'he
938 3021 1041 3069 wordia

117 3085 562 3149 mentisnecessnryaathefoundstiou
592 3085 715 3146 explained
741 3084 773 3145 by
797 3084 860 3130 whct
885 3083 984 3132 follows.
1016 3084 1042 3132 u

116 3153 143 3200 01
156 3151 290 3212 friendship.
593 3163 673 3195 means
683 3149 735 3196 thet
741 3148 781 3195 the
788 3155 870 3193 natiue
878 3148 905 3194 01
912 3147 1041 3210 tiendship

149 3216 247 3261 Summo
274 3213 420 3275 consenum]
464 3211 563 3272 Seyffert
593 3212 681 3259 issuch
696 3212 748 3258 thet
764 3212 783 3258 it
794 3211 863 3258 offers
873 3225 928 3257 man
955 3212 1042 3260 edron-

114 3279 186 3325 omite
198 3276 318 3324 ‘summa’
592 3280 673 3334 teges:
691 3276 710 3322 it
728 3276 749 3322 is
765 3290 779 3321 e
791 3275 859 3334 thing
869 3227 946 3321 which
961 3276 1043 3338 hrlngs

135 3342 221 3387 Haud
231 3343 283 3388 reio
302 3339 440 3404 aee-nihil]
474 3337 563 3387 Thisis
593 3340 650 3385 with
660 3340 679 3385 it
689 3339 730 3386 the
741 3353 828 3395 means,
838 3339 880 3385 the
890 3340 996 3403 capacity
1004 3339 1044 3389 fos

55 3459 59 3467 ι
91 3401 217 3450 Ernesti's
233 3407 344 3468 reading,
368 3407 415 3455 and
441 3403 568 3466 Madvig’s.
598 3402 837 3464 manegoodthings.
991 3460 994 3465 .

62 3462 164 3511 “Orelli
186 3468 238 3515 and
263 3470 375 3534 Seyffert
393 3473 458 3523 have
485 3470 574 3536 ‘quid
641 3469 702 3517 Vite
719 3463 826 3524 011010ολ
848 3462 1058 3512 missum&
