2174 3764
424 179 511 239 cAP.
533 181 571 240 X.
592 180 649 240 XI.
963 182 1002 239 29

82 335 161 395 onnia
184 337 304 416 exsequi
331 336 407 415 regis
434 338 527 398 officia
552 344 582 397 et
608 359 736 398 munera.
777 339 880 398 Potest
906 337 998 415 igitur

80 429 229 488 exercitatio
245 436 277 488 ct
298 430 490 512 temperantia
509 430 595 489 etism
616 430 648 489 in
668 435 817 489 senectute
830 449 997 489 conservare

78 518 169 598 aliquid
181 521 303 599 pristini
317 508 436 581 robbris.
1056 516 1080 570 s

107 612 158 671 XI.
179 613 254 672 Non
268 617 340 670 sunt
353 612 384 670 in
398 617 547 672 senectute
560 613 644 673 vires.
676 614 725 672 Ne
737 612 923 691 postulantur
936 612 996 689 qui-

76 700 128 762 dem
139 703 214 762 vires
218 723 247 777 a
261 708 420 762 senectute.
460 705 538 781 Ergo
550 710 580 763 et
590 705 701 782 legibus
715 710 745 763 et
757 705 901 764 institutis
914 712 997 763 vacat
1024 710 1056 776 t..
1069 745 1081 759 .

74 800 140 854 setas
153 801 258 854 nostra
278 796 446 854 muneribus
463 796 499 854 iis
520 816 591 874 quae
604 817 665 854 non
677 801 800 874 possunt
814 796 875 855 sine
888 796 996 854 viribus

73 888 207 947 sustineri.
250 888 358 964 Itaque
374 908 434 946 non
453 888 538 946 modo
551 888 628 965 quod
641 907 701 946 non
713 907 874 965 possumus,
895 887 945 946 sed
958 907 996 945 ne

71 986 202 1056 quantum
223 999 381 1058 possumus
402 979 515 1056 quidem
539 979 675 1056 cogimur.
716 982 764 1037 35.
784 980 828 1061 ht
848 979 890 1037 ita
910 978 996 1036 multi

71 1077 132 1130 sunt
152 1070 294 1130 imbecilli
316 1090 398 1128 senes
421 1075 456 1128 ut
475 1070 589 1128 nullum
608 1070 692 1129 officii
714 1075 765 1128 aut
785 1070 901 1128 omnino
920 1069 996 1142 vitae

69 1182 166 1222 munus
190 1161 313 1239 exsequi
336 1161 457 1240 possint.
497 1161 551 1241 git,
566 1162 598 1220 id
620 1162 737 1240 quidem
761 1182 823 1221 non
847 1160 996 1238 proprium

70 1255 222 1314 senectutis
239 1253 346 1314 viuum
368 1260 421 1325 est,
441 1253 491 1312 sed
511 1273 661 1337 commune
680 1251 859 1311 valetudinis.
901 1251 996 1325 Quam

69 1344 120 1404 fuit
130 1346 294 1406 imbecillus
305 1345 339 1403 P.
350 1344 481 1404 Africani
490 1346 575 1417 filius,
585 1345 611 1403 is
621 1345 671 1423 qui
683 1350 714 1403 te
727 1343 889 1422 adoptavit!
910 1362 995 1420 quam

69 1438 146 1496 tenui
158 1443 210 1496 sut
223 1437 306 1496 nulla
325 1436 423 1515 potius
442 1437 624 1495 valetudine!
666 1435 752 1510 Quod
771 1435 802 1493 ni
821 1435 864 1492 ita
882 1434 1002 1504 fuisset,¹

29 1552 35 1565 ·
70 1527 186 1611 ιὶὶρςμ
194 1530 269 1588 illud
279 1528 441 1587 exstitisset
451 1529 549 1587 lumen
559 1529 683 1588 civitatis
694 1553 701 1600 3
715 1528 751 1586 ad
759 1534 908 1606 paternam
919 1527 996 1585 enim

71 1621 293 1697 magnitudinem
316 1619 406 1678 animi
425 1621 555 1680 doctrina
574 1614 690 1680 uberior
709 1626 875 1678 accesserat.
918 1619 996 1693 Quid

73 1710 168 1771 mirum
179 1713 273 1791 igitur
284 1712 318 1770 in
328 1711 453 1785 senibus,
464 1712 490 1770 si
499 1712 605 1770 infirmi
617 1717 685 1770 sunt
696 1711 856 1793 alioppndo,
868 1730 955 1789 quum
965 1710 996 1769 id

72 1818 106 1859 aa
116 1802 311 1863 adolescentes
324 1802 439 1880 quidem
457 1805 582 1881 effugere
601 1803 773 1939 possintts
779 1802 995 1874 Resistendum,

75 1981 171 2031 dauon
187 1984 215 2031 of
227 1984 300 2047 body,
319 1983 462 2030 maintained
481 1983 514 2045 by
546 1998 613 2030 mana
631 1983 705 2031 called
727 1984 874 2041 ‘exeuntia'
896 1999 911 2032 a
936 1985 997 2045 legal

75 2046 164 2095 nedae
179 2048 226 2095 aud
243 2052 400 2109 temporanee.
433 2047 515 2094 Cicero
546 2047 636 2108 ground
647 2048 674 2094 of
681 2062 764 2095 excuse
772 2063 799 2094 or
809 2049 949 2109 exemption,
961 2064 995 2102 ss.

76 2106 145 2166 (lm
170 2112 217 2163 Qu.
244 2127 267 2159 v.
293 2110 336 2172 34)
358 2112 461 2172 explains
482 2112 520 2173 it:¹
547 2112 584 2158 lor
593 2113 705 2165 instance.
716 2112 778 2158 from
789 2113 891 2172 military
901 2113 995 2160 service.

77 2173 156 2221 “Adde
168 2176 305 2232 sistcitatem,
319 2190 379 2236 quae
392 2176 513 2237 consequi·
546 2175 591 2222 See
603 2176 723 2222 ‘lamentis
736 2175 831 2230 vacare*
843 2192 863 2223 c.
876 2180 914 2224 20.

77 2237 375 2287 mhmecontinentiamin
383 2239 459 2286 victu:
471 2239 513 2285 ad-
576 2240 611 2287 At
621 2241 723 2286 ita-At
734 2238 771 2300 id]
799 2240 842 2285 See
855 2255 875 2286 c.
884 2241 908 2295 6,
919 2244 994 2286 notes.

77 2296 260 2363 &ungentem
270 2302 417 2349 valetudinis.
449 2303 513 2350 Con-
576 2304 662 2359 Filiae,
675 2303 706 2365 ie]
740 2303 792 2349 The
803 2318 910 2350 common
921 2319 994 2364 punc-

78 2360 108 2409 lsr
122 2366 237 2423 ndmtes,
263 2370 392 2421 ructantes,
417 2366 515 2413 refertos
546 2367 638 2413 tuation
657 2367 678 2413 ia
697 2366 814 2413 ‘Africani
831 2367 893 2414 filius
908 2367 935 2417 is.
955 2368 995 2429 qui

80 2427 472 2492 quliatauquamcpimosbovesJ'
547 2437 570 2478 te
588 2429 724 2491 adoptavic’
751 2431 827 2477 which
852 2431 873 2478 is
900 2431 993 2478 absurd.

104 2490 137 2539 ll.
151 2494 207 2541 Nun
225 2498 290 2548 aaut,
310 2493 365 2555 δια]
398 2494 456 2540 This
468 2494 515 2540 isa
545 2494 597 2540 Tus
608 2494 716 2554 meaning
726 2494 754 2548 is.
768 2500 782 2522 “
792 2495 833 2541 the
841 2510 884 2541 son
895 2495 922 2541 of
930 2495 994 2542 Afri-

79 2557 181 2617 uppasel
191 2557 325 2617 objection3
340 2557 381 2604 the
391 2572 479 2603 answer
489 2561 514 2603 to
546 2572 626 2613 canus,
645 2558 683 2613 he,
702 2559 714 2605 I
731 2572 809 2614 mean,
825 2559 877 2605 who
893 2560 995 2619 adopted

79 2616 514 2682 'lidris“nepostulanturqnidem,”
545 2620 618 2683 you.''

79 2680 221 2733 'ltbaut‘at'
232 2685 344 2747 prefixed,
353 2685 430 2733 which
439 2685 516 2745 might
577 2685 750 2742 Resistendum,
764 2685 820 2746 dxc]
855 2685 885 2731 ln
896 2686 942 2731 this
953 2686 995 2732 lies

79 2740 186 2795 beadded.
402 2802 405 2807 Ι
496 2762 499 2767 ·
546 2748 587 2795 the
597 2749 660 2795 main
671 2754 756 2795 matter
767 2750 794 2795 of
806 2749 847 2795 the
857 2756 993 2809 argument:

102 2810 207 2873 heieu,
227 2812 284 2874 dcc]
320 2810 417 2873 ‘leges’
435 2826 515 2859 means
547 2816 674 2859 “nemust
684 2813 752 2860 resist
762 2813 801 2859 old
811 2828 861 2872 age,
870 2814 914 2859 aud
927 2813 994 2859 make

181 2879 343 2923 enactrnents=
371 2875 515 2923 ‘institutis'
547 2876 643 2923 amends
653 2877 690 2922 for
700 2876 730 2922 its
746 2876 832 2923 delecte
844 2877 874 2936 by
885 2891 937 2923 care
948 2876 994 2921 and

136 2938 192 2987 dosa
209 2944 253 2987 not
271 2940 339 2987 differ
352 2939 413 2987 from
430 2939 516 2986 'mori
547 2941 656 3000 acfisity:
673 2955 708 2986 we
719 2944 782 2987 must
793 2941 894 3000 struggle
904 2940 994 3000 against

79 2996 128 3059 h?
135 3001 257 3051 ‘cusum’
275 3003 300 3051 It
305 3018 402 3065 appears
408 3003 467 3050 from
475 3004 515 3050 the
546 3004 585 3051 old
595 3020 638 3064 age
648 3006 673 3049 'es
684 3018 719 3049 we
730 3004 806 3051 would
821 3004 912 3063 against
922 3018 936 3049 a
946 3003 993 3049 dis-

78 3066 515 3123 mnumunmmhxt‘vmne’has
546 3066 624 3115 ease.’'
658 3068 734 3128 Every
752 3083 795 3127 age
813 3082 866 3128 may
884 3066 914 3113 be
929 3067 994 3113 weal(

78 3122 127 3177 ln
140 3130 213 3179 auen
230 3131 263 3193 by
281 3145 346 3178 some
365 3131 515 3192 interpretem
546 3133 592 3179 aud
608 3131 695 3192 siclly:
712 3131 794 3192 youth,
810 3130 901 3186 indeed,
918 3131 993 3176 isex-

77 3188 152 3243 iaus
171 3210 241 3243 aenae
261 3194 290 3241 cl
314 3194 384 3242 ‘dare
401 3194 512 3257 operam,'
545 3196 726 3257 posedtomore
737 3196 823 3242 violent
839 3193 994 3253 anddsnger.

77 3259 209 3321 cunning
235 3258 313 3305 which
337 3259 358 3305 it
382 3261 515 3307 sometimes
546 3275 589 3306 ous
600 3259 700 3305 diseases
710 3258 768 3304 than
779 3258 818 3304 old
828 3258 960 3318 uge,which
968 3259 994 3305 iu

78 3314 274 3391 ¹hloviddl'ust.
287 3322 320 3369 iii.
334 3324 370 3370 d.
402 3323 451 3371 But
461 3324 516 3370 hers
546 3323 611 3371 itsell
623 3321 998 3384 isuperiudutlitsmarlxedby

77 3386 186 3435 *mua
208 3390 250 3435 ‘to
270 3384 302 3433 be
358 3387 426 3435 cased
452 3388 515 3436 from
546 3389 578 3437 its
595 3389 701 3453 peculias
720 3385 1020 3443 enumeramus

75 3448 175 3507 ἰη’
190 3453 217 3495 ω
238 3448 300 3497 hare
316 3450 380 3500 what
395 3452 438 3501 the
462 3455 514 3503 Ro.
547 3457 627 3521 youth
639 3472 669 3506 or
681 3455 798 3518 vigos-sus
807 3452 948 3500 nuuhoud.
970 3448 1037 3493 hbe·
