2174 3764
124 184 163 242 92
497 182 683 243 LAELIUS.

123 360 302 418 generosum,
315 344 351 400 ut
363 340 406 399 ita
419 339 518 414 dicam
533 346 629 401 ortum
649 338 790 400 amicitiae
802 361 888 421 quam
905 360 941 401 ex
953 340 1049 422 inopis

123 436 210 510 atque
233 431 392 508 indigentia
415 437 514 490 natam
535 433 646 492 volunt.
687 432 773 507 Quod
796 432 821 491 si
842 433 885 493 ita
908 439 994 506 esset,
1015 440 1050 495 ut
1086 505 1087 508 Ἴ

123 522 243 601 quisquc
256 523 406 581 minimum
418 523 450 581 in
463 544 494 582 se
507 527 569 582 esse
583 524 779 596 arbitraretur,
792 522 834 583 ita
847 525 885 585 ad
896 525 1049 585 amicitiam

122 619 200 673 esset
221 613 404 692 aptissimus:
431 615 508 692 quod
528 615 614 692 longe
637 634 720 674 secus
742 620 798 674 est.
836 619 884 676 80.
905 616 952 675 Ut
973 615 1049 675 enim

122 704 242 783 quisque
256 704 311 764 sibi
322 705 477 783 plurimum
490 706 617 778 confidit,
631 711 662 765 et
678 711 714 765 ut
726 706 848 785 quisque
860 706 984 767 maxime
996 706 1049 767 vir·

122 801 188 855 tute
206 801 236 855 et
258 795 398 874 sapientia
418 796 458 855 sic
479 796 609 856 munitus
630 802 729 855 estut
750 797 830 857 n'ullo
843 803 928 876 egeat
943 818 1050 878 suaque

122 888 219 945 omnia
230 886 262 945 in
276 907 306 946 se
319 887 381 966 ipso
395 886 490 965 posita
498 886 618 965 judicet,
631 887 674 947 ita
686 887 718 946 in
736 888 869 948 amicitiis
882 890 1050 969 expetendis

122 979 306 1058 colendisque
327 979 447 1038 maxime
468 979 589 1038 excellit.
631 979 710 1055 Quid
728 974 819 1059 capim,²
833 979 989 1041 Africanus
1007 980 1049 1040 in·

123 1069 224 1155 digena
233 1070 324 1139 nmei?
363 1070 487 1129 Minime
507 1069 620 1130 hercle:
641 1091 675 1130 ac
695 1091 732 1129 ne
753 1090 807 1148 ego
820 1071 938 1150 quidam
957 1072 1049 1144 illius3

123 1162 175 1221 sed
195 1182 248 1240 ego
270 1162 458 1221 admiratione
480 1161 602 1240 quadam
621 1161 738 1220 virtutis
762 1161 833 1240 ejus,
856 1162 906 1222 illc
928 1162 1048 1223 vicissim

122 1253 257 1332 opinione
269 1255 392 1313 fortasse
404 1254 544 1312 nonnulla
553 1274 638 1332 quam
652 1254 688 1313 de
701 1253 773 1312 meis
787 1254 915 1314 moribus
927 1255 1049 1315 habebat

122 1365 169 1405 me
183 1346 299 1418 dilexit3
319 1346 399 1405 auxit
412 1346 639 1421 benevolentiam
652 1345 841 1404 consuetudo.
881 1346 939 1405 sed
955 1366 1051 1425 quam·

123 1457 208 1516 quam
229 1439 370 1497 utilitates
389 1438 497 1496 multae
519 1441 550 1496 et
569 1456 688 1514 magnae
708 1442 880 1496 consecutae
900 1444 980 1512 sunt,
992 1457 1050 1498 non

123 1535 193 1588 sunt
206 1535 303 1589 tamen
316 1530 352 1589 ab
365 1549 464 1588 earum
478 1549 529 1607 spe
542 1549 644 1588 causac
658 1528 795 1605 diligendi
807 1529 964 1608 profectae.
1002 1534 1049 1591 31.

51 1628 70 1715 Η
123 1620 169 1679 Ut
191 1621 268 1680 enim
291 1620 412 1680 benefici
431 1620 617 1698 liberalesque
641 1640 741 1679 sumus
763 1641 824 1680 non
845 1625 881 1679 ut
905 1621 1050 1700 exigamus

122 1712 252 1788 gratiam,
274 1731 368 1791 neque
391 1712 468 1770 enim
488 1711 659 1771 beneficium
681 1710 928 1785 feneramur,'sed
947 1719 1050 1774 nature

57 1796 61 1857 i
121 1803 258 1883 propensi
271 1803 307 1862 ad
323 1803 525 1862 liberalitatem
544 1822 663 1876 sumus3
684 1803 725 1862 sic
746 1803 901 1864 amicitiam
920 1825 981 1864 non
1001 1825 1050 1884 sps

121 1895 259 1956 mercedis
283 1895 408 1967 adducti,
427 1895 478 1953 sed
500 1895 577 1972 quod
600 1895 692 1955 omnis
716 1895 778 1974 ejus
799 1895 914 1955 fr'uctus
937 1897 1050 1977 inipso

122 2007 218 2048 amore
236 1987 322 2059 inest,
336 1985 525 2065 expetendam
543 1991 688 2065 putamus.
729 1991 776 2046 32.
796 1987 839 2046 At
859 1987 882 2046 ii
898 1988 949 2067 qui
967 2008 1050 2068 pecu·

122 2080 191 2138 dum
212 2078 272 2136 ritu
294 2078 332 2136 ad
353 2078 531 2155 voluptatem
554 2077 650 2136 omnia
671 2077 812 2150 referunt,
833 2079 921 2157 longe
944 2079 1050 2141 dissen-

120 2169 217 2229 tiunt:
238 2189 292 2227 nec
311 2168 424 2227 mirum
464 2168 547 2226 Nihil
567 2169 644 2227 enim
664 2169 763 2243 altum,
777 2169 850 2229 nihil
868 2172 1049 2248 magnificum

121 2279 155 2320 ac
168 2260 295 2320 divinum
309 2259 452 2339 suspicere
465 2264 596 2338 possunt,
607 2260 657 2338 qui
671 2281 737 2320 suas
749 2281 848 2320 omnes
862 2263 1049 2339 cogitationes

127 2352 288 2431 abjecerunt
313 2351 345 2410 in
370 2371 432 2409 rem
449 2354 525 2415 *tans
540 2351 678 2410 humilem
702 2357 819 2431 tamque
847 2359 1048 2435 contemptam.

156 2559 265 2616 Quodsi
286 2564 321 2606 stc
338 2563 404 2615 ercet,
423 2558 478 2620 &c.]
512 2558 570 2605 'l'his
601 2558 679 2605 cnim'
701 2559 722 2607 is
742 2560 886 2622 marthe
902 2567 1011 2611 remnant
1025 2562 1051 2611 ci

120 2624 168 2672 and
177 2624 239 2670 what
249 2623 337 2670 follows
348 2624 516 2684 isaoomplete
527 2638 568 2669 an-
600 2624 698 2670 another
718 2624 764 2670 and
786 2640 851 2672 more
874 2628 990 2688 complete
1009 2642 1048 2675 ex·

121 2688 265 2736 swertothe
279 2687 386 2734 assumed
402 2688 480 2734 selfish
496 2686 570 2746 origin
601 2688 713 2747 pression,
740 2687 815 2735 which
838 2689 880 2736 the
901 2690 1005 2739 Romans
1024 2689 1049 2737 ol

121 2753 148 2801 of
155 2754 206 2800 love
216 2767 243 2799 or
253 2752 388 2812 friandship.
601 2751 702 2798 Cicero's
712 2751 769 2798 time
784 2752 842 2799 used
852 2767 878 2800 as
890 2754 1047 2817 introductory

157 2817 220 2873 Quid
245 2815 326 2877 eaim,]
370 2814 467 2875 Seyffert
492 2814 569 2860 writes
600 2820 625 2862 to
647 2815 792 2876 aquestion,
811 2816 911 2865 without
928 2819 1046 2881 regarding

123 2881 203 2933 ‘Quid
210 2881 272 2927 enim
280 2880 298 2927 i'
311 2884 353 2927 &a
377 2879 389 2925 I
400 2879 459 2925 have
470 2878 545 2924 added
555 2893 570 2923 a
600 2879 640 2926 the
651 2880 809 2940 grsmmatical
818 2882 944 2944 propriety.

122 2961 214 2993 comma
234 2945 294 2992 after
313 2941 407 2999 ‘enim’
430 2948 455 2989 to
473 2948 570 3002 prevent
632 2943 776 3005 Eaipcmaa]
796 2944 907 3007 fwaars
918 2943 1045 2994 noctibas!

122 3011 228 3067 mistake,
245 3009 282 3056 for
298 3008 395 3068 Seyffert
406 3006 517 3066 correctly
528 3004 569 3051 ob·
600 3005 637 3053 for
656 3008 698 3053 the
715 3022 816 3069 purpose
834 3007 861 3055 ol
878 3009 1045 3071 demandings

122 3090 199 3123 serves
217 3075 269 3120 that
286 3073 326 3118 the
337 3071 445 3132 question
461 3068 516 3115 dces
527 3073 570 3116 not
600 3071 697 3117 return!
740 3072 896 3133 ‘Exigamus'
917 3073 1044 3121 inboduoss

119 3153 189 3186 mean
206 3137 245 3182 ‘in
256 3136 318 3183 what
333 3139 425 3197 respect
441 3134 496 3181 does
507 3135 570 3181 sfri-
602 3133 774 3192 ‘feneramur3'
790 3135 828 3181 for
839 3134 960 3197 ‘exigere'
970 3144 1045 3183 mum

120 3216 191 3248 mnus
202 3205 264 3246 want
275 3214 314 3259 my
324 3198 391 3246 aidl’
419 3198 471 3245 The
481 3213 571 3245 answer
601 3197 859 3260 togetinourdebter
877 3198 1046 3247 “uomimm
1077 3238 1083 3247 .

121 3265 237 3311 ‘Minime
251 3262 345 3310 hercls’
362 3263 439 3311 shows
455 3262 507 3308 that
522 3262 570 3309 this
601 3264 705 3324 exegisse
714 3262 730 3286 '’
759 3261 837 3326 (Verr.
857 3261 884 3311 ii.
907 3264 928 3320 1,
950 3276 972 3310 c.
994 3259 1046 3327 lep
1084 3273 1087 3296 ⁴

112 3328 193 3374 would
207 3332 253 3374 not
264 3328 294 3375 be
305 3328 347 3375 the
358 3328 421 3391 right
432 3327 574 3392 interprete·⁸
603 3328 715 3389 “reliqua
731 3326 841 3384 vendidit,
857 3326 982 3389 pecuniam
995 3338 1048 3375 n·

100 3388 161 3435 tion,
197 3391 251 3440 But
265 3394 315 3442 scili
328 3394 343 3442 1
355 3394 385 3442 do
397 3398 443 3442 not
452 3398 498 3456 put
510 3391 573 3439 thel
607 3390 663 3453 g'css’
679 3391 858 3454 veruna
867 3388 920 3453 hd]-

87 3449 158 3499 afflet
172 3457 275 3508 ‘enim'
309 3460 367 3510 The
380 3454 584 3512 formuls‘Qaid
