2174 3764
440 190 527 251 OAP.
547 190 636 250 XIX.
964 191 1001 246 55

71 370 182 428 sperare
193 350 272 409 idem
286 369 378 409 senex
389 369 449 409 non
461 354 568 427 potest.
601 344 780 425 Insipienter
791 348 896 424 sperat.
924 343 1003 418 Quid

72 443 147 500 enim
166 443 287 501 stultius
308 461 394 519 quam
414 441 525 500 incerta
543 461 595 518 pro
619 440 706 499 certis
728 439 841 510 habere,
861 437 933 495 falsa
951 457 1002 515 pro

74 532 166 592 veris?
205 534 303 592 Senex
323 532 451 610 nequod
471 537 566 609 speret
579 531 695 609 quidem
714 530 810 588 habet.
850 529 893 587 At
907 533 952 587 est
969 548 1002 589 eo

76 625 185 684 meliore
198 625 369 684 conditione
382 645 466 702 quam
480 624 654 695 adolescens,
668 622 801 699 quoniam
815 620 853 691 id,
865 620 942 698 quod
954 620 1003 679 ille

78 722 175 794 sperat,
187 717 235 776 hic
258 715 345 796 [jam]
368 721 539 775 consecutus
561 720 615 774 est.
656 714 711 773 Ille
731 714 795 772 vult
818 713 869 771 diu
889 711 1002 785 vivere3

79 809 119 870 hic
138 811 188 871 diu
205 812 288 871 vixit.
329 814 377 869 69.
400 811 587 889 Quamquam,
606 829 624 868 o
642 809 694 867 Dii
713 807 798 867 boni!
819 807 888 884 quid
907 812 952 865 est
971 806 1003 865 in

80 901 193 961 hominis
205 904 268 962 vita
281 902 351 961 diu!
391 902 439 960 Da
451 902 529 960 enim
550 919 716 978 supremum
734 904 867 975 tempus:
889 917 1002 976 exspec·
1013 918 1026 939 0
1045 924 1048 929 ·
1074 918 1077 927 ·

81 998 166 1053 temus
179 992 393 1053 Tartessiorum
407 992 483 1069 regis
503 997 637 1051 aetatem.
677 989 749 1048 Fuit
768 989 853 1060 enim,
867 994 902 1047 ut
916 988 1002 1066 scrip·

81 1090 138 1143 tum
154 1086 245 1159 video,
260 1084 480 1162 Arganthonius
500 1083 615 1161 quidam
634 1081 765 1141 Gadibus
787 1080 837 1157 qui
856 1080 1004 1157 octoginta

82 1177 200 1252 regnavit
223 1196 326 1248 annos,
350 1180 467 1234 centum
493 1178 524 1232 et
546 1173 651 1250 viginti
673 1172 753 1231 vixit.
794 1171 851 1230 Sed
873 1170 944 1229 mihi
966 1191 1004 1230 ne

85 1265 243 1327 diuturnum
263 1267 380 1346 quidem
400 1266 554 1345 quidquam
567 1266 682 1324 videtur
702 1266 811 1343 inquo
831 1270 877 1322 est
897 1264 1004 1341 aliquid

85 1364 249 1418 extremum:
270 1378 361 1436 quum
380 1358 457 1417 enim
476 1357 507 1416 id
526 1357 651 1428 advenit,
665 1362 736 1415 tnnc
749 1355 821 1414 illud
834 1354 911 1433 quod
923 1375 1004 1432 prae-

86 1449 153 1508 teriit
162 1450 292 1509 effluxit:
306 1454 422 1508 tantum
431 1454 561 1508 remanet
574 1448 650 1526 quod
663 1448 771 1505 virtute
785 1452 815 1505 et
828 1451 906 1505 recte
919 1445 1004 1504 factis

88 1547 247 1601 mnsecnms
267 1540 316 1600 sis.
356 1541 456 1600 Horae
470 1540 584 1618 quidem
604 1539 712 1598 cedunt
729 1545 760 1597 et
774 1538 835 1597 dies
849 1544 879 1597 ct
891 1557 1005 1597 menses

89 1636 113 1688 et
128 1634 200 1709 anni,
213 1653 270 1692 nec
290 1632 479 1711 praeteritum
498 1638 614 1710 tempus
627 1652 755 1710 unquam
774 1631 937 1703 revertitur,
952 1650 1006 1690 nec

89 1722 145 1799 quid
166 1729 307 1803 sequntur
329 1723 396 1782 sciri
421 1729 528 1803 potest.
570 1723 656 1798 Quod
679 1723 782 1801 cuique
805 1723 943 1802 temporis
970 1723 1006 1781 ad

90 1812 228 1875 avendum
252 1815 346 1887 datur,
371 1834 405 1874 eo
432 1815 518 1874 debet
542 1835 605 1873 esse
628 1820 793 1874 contentus.
834 1815 881 1875 70.
902 1816 1006 1894 Neque

91 1905 153 1965 anim
164 1906 302 1965 histrioni
319 1910 355 1964 ut
374 1906 485 1984 placeat
505 1907 668 1984 peragenda
684 1907 783 1966 fabula
795 1907 963 1980 estfmodo
975 1907 1007 1965 in

91 2014 247 2077 quocunque
267 1996 357 2083 firqqit
377 2003 444 2056 actu
464 1998 619 2076 probetur;
639 2018 694 2057 nec
715 1997 950 2076 sapientiusque
971 1998 1008 2057 ad

92 2084 210 2149 l’laudite
219 2088 393 2148 veniendum
408 2095 462 2149 est.
495 2090 588 2148 Breve
602 2090 678 2148 enim
692 2096 807 2169 tempus
821 2091 923 2149 aetatis
938 2091 1008 2149 satis

91 2186 125 2237 ast
141 2181 262 2260 longum
281 2181 318 2240 ad
336 2181 410 2240 bene
428 2182 606 2260 honesteque
623 2182 785 2240 vivendum.
826 2184 877 2241 Sin
896 2202 1008 2260 proces·

91 2271 150 2332 saris
172 2273 298 2351 longius,
317 2293 377 2332 non
403 2273 494 2351 magis
514 2273 669 2332 dolendum
695 2280 740 2333 est
760 2294 846 2352 quam
869 2274 1009 2351 agricolae

90 2360 186 2435 dolent,
202 2364 361 2443 praeterita
379 2366 460 2423 verni
479 2363 617 2442 temporis
637 2364 787 2436 suavitate,
801 2370 941 2424 aestatem
960 2384 1009 2424 au-

89 2458 273 2534 mmnumqne
285 2456 406 2514 venisse.
445 2457 507 2516 Ver
526 2455 603 2513 enim
622 2461 769 2533 tamquam
789 2456 1010 2516 adolescentiam

88 2544 224 2623 siguificat
247 2546 431 2625 ostenditque
452 2547 566 2607 ductim
589 2546 721 2606 funum:
748 2547 858 2627 reliqua
880 2554 1011 2627 tempora
1030 2586 1075 2599 s..

36 2784 39 2793 .
117 2743 529 2807 cantaminuheoommoncexts
561 2720 676 2805 allsgree
692 2761 718 2792 as
736 2749 762 2793 to
780 2747 822 2794 the
836 2747 966 2809 yearsthat
981 2747 1013 2793 he

87 2805 141 2855 bave
152 2814 239 2870 ‘quum
249 2808 273 2855 id
281 2813 417 2855 consecutas
425 2808 477 2862 est,'
488 2807 530 2853 but
561 2809 671 2856 attsined.

87 2870 314 2933 lbenitonghttobe
323 2875 329 2898 ⁸
338 2870 529 2918 consecutussit!
597 2873 754 2934 Venieadum]
775 2873 877 2935 Perhaps
884 2872 1012 2935 preferable

86 2948 134 2997 Tne
144 2950 301 2998 abbreviation
310 2934 349 3012 qin
358 2951 378 2998 is
387 2951 443 2999 used
454 2951 479 2997 in
490 2951 531 2997 the
562 2939 587 2982 t⁰
600 2937 642 2983 the
659 2937 756 2998 reading
773 2936 928 2995 ‘Vivessdumv'
944 2937 965 2983 if
978 2951 1013 2982 ΨΘ

87 3012 531 3076 ΠΒΜονφιοηίαω,Ἰ)ιιιῐὴθεάὶωη
560 2999 631 3059 Jlldsse
649 3001 710 3047 ff0¹1¹
729 3002 771 3047 the
790 3005 891 3048 oentext·
925 3000 1012 3047 ‘Plau-

87 3075 143 3125 bave
157 3078 220 3125 osten
239 3078 342 3138 changed
357 3079 377 3126 it
392 3077 531 3140 coquum!
563 3063 618 3138 ‘ilie'
646 3079 692 3139 *⁹3²⁸
718 3065 760 3111 the
787 3066 853 3139 uwel
879 3064 1013 3124 0¹Prffl⁸i0n

87 3139 219 3189 SeeOtto's
230 3147 292 3187 note.
562 3128 620 3174 wrth
630 3129 730 3175 whrcha
745 3129 856 3175 dramatrc
868 3132 1013 3188 represents·

114 3204 305 3266 Aryammm]
333 3204 391 3252 Thi,
404 3205 533 3266 longqived
564 3192 613 3237 tion
625 3208 671 3239 was
682 3193 768 3266 closed,
780 3208 805 3238 as
817 3193 842 3238 in
855 3192 895 3238 the
911 3191 957 3238 last
966 3192 1014 3239 line

86 3265 141 3329 king
156 3268 208 3314 who
227 3268 288 3315 lived
304 3274 329 3315 st
345 3269 424 3323 cadiz,
435 3270 456 3315 is
467 3284 532 3315 men.
564 3255 591 3301 os
603 3256 644 3302 the
654 3255 745 3302 Andria
755 3256 781 3301 ol
793 3255 910 3302 Terence:

85 3330 163 3377 Μ
173 3330 205 3392 by
215 3331 348 3406 He‘f’dm
356 3333 389 3408 ‘(i.
403 3336 456 3388 ¹⁶³¹
468 3332 531 3394 &c.),
597 3354 613 3379 ‘⁴
623 3350 694 3400 lutus
703 3350 845 3413 transigetur
856 3350 999 3414 equuus

415 3415 423 3455 ἶ
920 3418 925 3428 ·
963 3415 980 3439 a

79 3394 532 3527 afflbblcffxfflffloegqggln'ae
651 3421 719 3487 quod
727 3423 813 3469 restat.
841 3417 970 3468 Ylauune.
