2174 3764
78 152 152 224 '240
325 161 370 222 M.
389 162 537 224 runnu
558 161 781 224 CICERONIS

87 317 139 398 qui
160 317 253 379 filium
276 319 463 391 consularem,
486 319 595 379 clarum
618 319 712 379 virum
738 325 769 379 et
796 341 876 399 magr

87 409 177 489 gestis
197 409 312 495 amisit;
331 415 365 469 et
380 410 416 468 L.
431 410 558 483 Paullus,
573 410 624 489 qui
640 411 698 470 duo
719 417 831 490 septem
852 415 876 472 d

86 507 183 561 vester
206 501 317 574 Gallus,
337 504 369 560 et
389 501 433 560 M.
450 502 532 575 Cato,
553 502 603 579 qui
627 522 738 562 summo
762 503 876 581 ingeni<

86 593 195 652 virtute
212 592 304 652 filium
321 592 523 671 perdidit-iis
543 594 722 673 temporibus
739 593 862 654 firerunt

66 680 202 745 'luctum'
223 683 352 762 ipsorum
378 683 504 762 dignitas
531 686 728 744 consolaretur
753 706 787 745 ea
815 707 876 764 qua

85 775 201 855 publica
213 776 472 856 consequebantur.
506 776 584 836 Mihi
596 783 703 850 autem,
717 777 829 836 amissis
843 798 876 837 or

85 867 121 927 iia
141 877 216 946 quae
235 867 298 946 ipse
319 887 523 952 commemoras
543 889 672 947 quaeque
694 888 771 927 eram
791 871 876 928 maxi]

85 957 166 1018 ribus
178 959 310 1038 adeptus,
317 979 409 1019 unum
418 958 554 1018 manebat
566 959 639 1018 illud
652 960 785 1019 solatium
796 961 876 1038 quod

85 1053 139 1109 est.
180 1050 251 1110 Non
270 1050 427 1110 amicorum
445 1050 579 1127 negotiis,
593 1071 653 1109 non
672 1051 715 1109 rei
734 1052 868 1129 publicae

85 1139 166 1201 tione
178 1141 409 1220 impediebantur
419 1141 609 1218 cogitationes
621 1161 718 1200 meae:
732 1142 806 1200 nihil
819 1142 876 1200 inl

84 1231 212 1305 libebat3
232 1233 378 1312 adspicere
391 1233 500 1292 curiam
519 1253 579 1292 non
599 1238 747 1311 poteram3
768 1234 876 1292 existin

85 1325 163 1402 quod
182 1329 252 1398 erat,
267 1344 366 1384 omnes
383 1344 430 1383 me
451 1331 483 1382 et
504 1323 664 1383 industriae
683 1345 762 1383 meae
782 1325 876 1384 fructu

84 1421 174 1477 tunae
191 1416 358 1496 perdidisse.
399 1415 455 1496 Sed
467 1435 557 1494 quum
574 1415 730 1493 cogitarem
749 1415 819 1475 haec
837 1418 876 1474 mi

85 1514 116 1568 ct
139 1528 204 1568 oum
226 1507 396 1586 quibusdam
418 1527 482 1566 esee
505 1507 674 1578 communia,
695 1512 726 1565 et
746 1528 835 1585 quum
856 1508 876 1566 fr

81 1598 143 1678 jam
163 1599 225 1678 ipse
248 1619 294 1659 me
317 1617 503 1677 cogeremque
523 1598 572 1656 illa
596 1598 670 1657 ferre
689 1598 856 1671 toleranter,

85 1711 142 1768 quo
155 1691 349 1768 confugerem,
362 1689 414 1748 ubi
430 1689 668 1768 conquiescerem,
682 1690 764 1767 cujus
783 1689 814 1746 in
836 1710 876 1748 ser

85 1781 227 1840 suavitate
255 1801 355 1840 omnes
383 1801 465 1840 curas
493 1781 661 1859 doloresque
692 1780 873 1858 deponerem.

84 1877 182 1931 autem
195 1871 249 1931 hoc
262 1877 322 1931 tam
338 1873 418 1948 gravi
430 1872 548 1931 vulnere
567 1873 654 1931 etiam
667 1872 723 1945 illa,
738 1892 809 1949 quae
829 1892 876 1930 cor

83 1962 262 2036 videbantur,
282 1963 497 2022 recrudescunt.
537 1965 609 2023 Non
630 1964 715 2036 enim,
735 1970 770 2022 ut
791 1968 857 2021 tum

83 2054 198 2133 publica
210 2059 352 2114 maestum
366 2054 467 2114 domus
485 2055 644 2133 excipiebat
659 2075 731 2133 quae
744 2055 861 2126 levaret,

84 2145 167 2205 domo
190 2167 319 2205 maerens
337 2146 375 2205 ad
390 2146 607 2225 rempublicam
621 2146 776 2224 confugere
795 2167 876 2224 possr

83 2237 145 2317 ejus
166 2237 249 2296 bonis
270 2238 455 2316 acquiescam.
496 2238 600 2316 Itaque
620 2243 650 2296 et
669 2237 752 2296 domo
772 2238 875 2296 absum

83 2328 160 2408 quod
178 2349 233 2387 nec
254 2349 320 2387 eum
340 2329 466 2388 dolorem
480 2349 570 2411 ¹quem
590 2349 608 2387 a
626 2349 658 2388 re
678 2328 792 2407 publica
812 2331 876 2406 capi

57 2452 60 2456 ⁴
79 2420 139 2500 jam
160 2420 299 2479 consolari
316 2425 422 2498 potest,
435 2440 489 2478 nec
509 2419 697 2479 domesticum
717 2441 763 2478 res
784 2422 876 2497 publi(

83 2510 172 2588 magis
198 2516 229 2569 te
256 2516 400 2588 exspecto,
427 2516 514 2589 teque
537 2511 633 2570 videre
657 2532 741 2589 quam
768 2513 876 2590 primur

83 2603 180 2683 Major
200 2595 270 2660 mihi
288 2602 393 2661 levatio
413 2603 508 2661 afferri
527 2603 607 2661 nulle
626 2609 723 2682 potest
744 2624 830 2682 quam
850 2626 876 2664 oc

82 2693 299 2754 consuetudinis
318 2713 538 2772 sermonumque
554 2701 739 2768 nostrorum3
760 2716 876 2774 quamqr¹

81 2786 179 2845 rabam
188 2791 273 2844 tuum
286 2784 450 2856 adventum,
461 2785 502 2844 sio
516 2785 592 2844 enim
606 2786 764 2856 audiebam,
776 2807 876 2865 approp

82 2879 144 2956 Ego
158 2884 254 2937 autem
266 2897 355 2956 quum
368 2877 468 2935 multis
479 2878 617 2937 decausis
630 2883 661 2936 te
675 2883 779 2956 exopto
790 2900 875 2954 quam

82 3042 131 3105 40.)
164 3042 192 3090 C.
205 3042 528 3104 SulpiciusGallus‚thecon-
592 3044 728 3104 Habebam]
765 3043 815 3090 Her
838 3045 876 3091 ‘vi

81 3119 166 3167 queror
175 3106 202 3153 of
216 3107 256 3154 the
267 3108 371 3168 Ligures,
383 3120 431 3154 no.
445 3108 497 3163 166,
509 3108 529 3154 is
560 3123 615 3153 man
625 3108 708 3163 virtue
716 3121 762 3153 was
774 3111 780 3133 ⁴
790 3108 876 3155 miritic

82 3169 155 3216 called
167 3171 274 3228 ‘vestra’
285 3171 422 3233 apparently
432 3169 530 3217 because
561 3185 614 3217 cero
624 3176 650 3217 to
659 3171 751 3219 Atticus
758 3168 791 3231 (x.
801 3170 827 3232 8)
837 3189 842 3217 ε
861 3177 876 3198 “

81 3233 112 3280 he
129 3233 244 3294 belonged
262 3241 287 3281 to
306 3237 347 3281 the
362 3248 425 3281 same
436 3248 492 3293 gens
504 3248 529 3280 as
560 3234 600 3280 illa
611 3235 656 3280 lert
665 3235 780 3294 publicam
789 3234 876 3280 cladem

78 3295 181 3345 Sarius
225 3298 301 3346 'l'bese
322 3313 377 3346 men
399 3311 438 3344 are
462 3312 527 3343 men·
559 3298 854 3344 dodomesticastricas?''
874 3301 876 3345 J

71 3362 154 3412 tioncd
172 3364 198 3412 in
216 3364 260 3412 the
276 3363 314 3412 De
330 3361 532 3418 Amicitia,o.‘2't.
563 3362 626 3420 giras
643 3362 686 3406 ber
707 3362 747 3407 the
764 3363 840 3420 praise
858 3372 876 3410 ot

61 3427 99 3476 As
112 3434 140 3478 to
153 3429 226 3491 Cato,
239 3446 280 3480 sae
291 3431 334 3480 De
344 3429 402 3480 Seu.
415 3443 437 3477 c.
446 3429 489 3477 ld.
571 3424 648 3471 under
657 3438 726 3482 mant
737 3424 851 3468 mim*

36 3706 65 3736 A
