2174 3764
234 190 533 251 EPISTOLABUM
553 189 672 250 LIBRI
691 189 791 250 DUO.
920 193 978 251 229

41 354 153 411 rentur.
196 349 255 409 Sed
266 355 302 409 ut
319 369 354 410 eo
373 353 504 428 tempore
522 369 583 408 non
600 349 685 410 modo
702 348 764 429 ipse
777 347 874 408 fautor
887 347 978 426 digni-

41 442 110 502 tatis
119 447 193 500 tuae
203 440 247 500 fui
256 461 355 501 verum
366 440 453 500 etiam
464 441 567 500 ceteris
579 445 680 501 auctor
689 441 726 501 ad
735 447 766 501 te
776 441 978 521 adjuvandum,

42 532 82 595 sic
93 553 142 594 me
156 553 238 592 nunc
248 533 378 612 Pompeii
390 532 515 611 dignitas
525 533 709 592 vehementer
722 538 826 593 movet.
859 532 979 610 Aliquot

42 627 119 688 enim
148 631 221 685 sunt
246 625 316 685 anni
342 646 431 704 quum
454 645 504 684 vos
532 625 589 684 duo
614 625 706 703 delegi
729 646 800 705 quos
826 625 979 704 praecipue

41 718 167 779 colerem
181 722 212 776 et
226 717 330 796 quibus
348 736 441 776 essem
462 716 537 775 sicut
556 737 620 775 sum
634 717 831 776 amicissimus.
873 717 979 792 Quam-

42 809 143 870 obrem
164 829 183 868 a
201 814 233 868 te
252 815 320 888 peto
337 809 383 868 rel
401 808 499 886 potius
520 808 653 868 omnibus
672 809 806 887 precibus
827 814 859 868 te
878 829 928 868 oro
948 814 980 867 et

43 901 176 962 obtestor
188 905 223 959 ut
240 899 273 959 in
289 900 350 960 tuis
370 900 500 959 maximis
521 900 597 959 curis
618 900 725 978 aliquid
743 900 891 978 impertias
907 906 979 959 tem-

43 993 122 1073 poris
141 991 210 1052 huic
224 1012 337 1071 quoque
356 991 532 1069 cogitationi,
545 996 580 1050 ut
598 997 650 1050 tuo
668 991 806 1050 beneficio
820 991 914 1050 bonus
928 992 979 1065 vir,

43 1090 154 1162 gratiis,
175 1083 243 1163 pius
265 1083 389 1162 denique
411 1103 473 1142 esse
497 1082 530 1141 in
553 1082 670 1141 maximi
691 1081 823 1141 beneficii
843 1083 980 1142 memoria

43 1175 161 1254 possim.
204 1174 287 1249 Quae
308 1174 334 1233 si
353 1179 470 1232 tantum
487 1173 524 1232 ad
543 1174 698 1253 meipsum
714 1173 902 1252 pertinerent,
917 1194 979 1253 spe-

43 1285 138 1326 rarem
150 1285 198 1324 me
216 1286 234 1324 e
251 1271 282 1325 te
301 1271 400 1324 tamen
415 1265 656 1343 impetraturum
677 1264 737 1338 sed,
750 1270 785 1324 ut
803 1265 934 1337 arbitror,
949 1271 980 1324 et

43 1356 81 1417 ad
92 1363 177 1416 tuam
193 1357 281 1416 fidem
298 1361 329 1416 et
348 1356 386 1415 ad
403 1376 465 1415 rem
483 1357 628 1435 publicam
645 1357 773 1435 pertinet
790 1377 837 1415 me
850 1377 867 1415 e
880 1356 979 1434 paucis

44 1452 75 1508 et
86 1447 125 1508 ad
142 1447 296 1526 utriusque
309 1453 439 1507 vestrum
457 1453 487 1506 et
507 1448 543 1506 ad
563 1447 667 1506 civium
686 1448 866 1507 concordiam
884 1468 936 1526 per
948 1453 980 1507 te

44 1558 131 1619 quam
148 1538 475 1598 accommodatissimum
495 1537 665 1598 conservari.
705 1539 769 1616 Ego
786 1559 874 1616 quum
894 1544 980 1597 antea

44 1630 98 1691 ubi
117 1630 153 1690 de
167 1630 295 1689 Lentulo
317 1629 424 1706 gratias
445 1629 576 1707 egissem,
589 1650 679 1708 quum
696 1629 724 1688 ei
742 1631 829 1688 saluti
842 1629 891 1707 qui
909 1629 980 1688 mihi

44 1720 140 1783 tuerat
157 1721 272 1793 fuisses,
285 1726 384 1780 tamen
402 1720 485 1780 lectis
506 1721 570 1800 ejus
590 1720 691 1794 literis,
706 1740 776 1799 quas
796 1721 833 1780 ad
853 1741 898 1779 me
917 1741 979 1800 gra·

44 1811 156 1874 tissimo
171 1813 266 1872 animo
283 1812 319 1871 de
340 1817 392 1871 tua
410 1812 583 1872 liberalitate
602 1813 797 1891 beneficioque
811 1812 898 1887 misit,
913 1833 979 1872 ean·

45 1902 111 1965 dem
123 1923 171 1964 me
185 1904 308 1962 salutem
321 1924 339 1962 e
351 1894 539 1982 teiaccepisse
552 1904 653 1984 putavi
665 1926 752 1984 quam
764 1905 829 1978 ille;
848 1905 881 1964 in
895 1927 979 1984 quem

45 1992 137 2055 sime
155 1993 295 2072 intelligis
316 2014 379 2053 esse
401 2001 525 2073 gratum,
545 2016 622 2070 cura,
641 1996 768 2072 obsecro,
787 2002 822 2056 ut
842 1997 928 2058 etiam
948 1998 980 2056 in

46 2083 216 2166 Pompeium
229 2105 292 2145 esse
304 2086 421 2164 possim.

76 2283 178 2344 Aliquot
193 2283 256 2329 enim
271 2286 327 2329 aaut
343 2283 401 2329 anni
411 2282 494 2343 quum]
529 2282 623 2339 Caesar,
640 2282 683 2329 but
698 2286 738 2344 yet
754 2287 796 2330 not
811 2287 837 2330 to
853 2288 890 2330 act
905 2299 930 2331 so
943 2288 979 2331 to·

48 2345 191 2394 “Itisnow
202 2360 267 2392 some
277 2360 343 2406 years
354 2345 442 2403 since‚’'
454 2350 496 2393 &c
529 2347 603 2393 wards
621 2346 745 2407 Pompeius
762 2362 787 2393 as
805 2353 831 2394 to
852 2348 919 2411 incur
939 2348 980 2395 the

46 2423 176 2470 uwesay.
207 2408 313 2461 ‘Quum’
328 2410 348 2456 is
365 2411 498 2456 sometimes
530 2410 614 2469 charge
624 2409 651 2456 oi
663 2411 906 2470 ingratitudetohim.
941 2411 980 2459 He

46 2473 101 2521 flius
115 2472 173 2520 used
193 2479 219 2519 to
234 2487 328 2534 express
343 2489 358 2520 a
374 2473 454 2534 period
474 2473 501 2520 οἱ
529 2473 612 2519 wishes
630 2479 655 2520 to
674 2474 703 2519 be
721 2475 819 2521 excused
842 2476 935 2536 coming
954 2480 980 2522 to

47 2536 104 2585 time
116 2541 172 2600 pest
188 2551 220 2597 up
231 2540 257 2582 to
273 2536 314 2583 the
328 2542 422 2597 present
432 2538 497 2584 time.
531 2537 614 2594 Reme,
634 2538 710 2584 where
728 2553 844 2585 mensures
860 2539 935 2600 might
951 2539 981 2586 be

47 2598 97 2649 the
119 2600 211 2647 French
232 2598 292 2646 h'sve
309 2600 350 2646 the
372 2615 436 2647 seme
458 2615 498 2647 ex-
530 2601 600 2647 taken
618 2601 709 2660 against
720 2601 852 2662 Pompeius,
868 2608 893 2648 tc
905 2602 979 2649 which

47 2664 152 2725 pressiori
165 2664 221 2710 with
236 2663 321 2725 ‘que3’
341 2663 378 2710 ior
392 2665 433 2711 the
449 2668 499 2711 text
530 2664 560 2710 he
569 2665 636 2710 could
645 2669 687 2711 not
695 2665 745 2712 bes
753 2672 820 2727 psrty
829 2665 979 2727 consistently

47 2727 121 2788 might
138 2727 169 2774 be
184 2727 310 2800 translated
323 2727 362 2774 “il
376 2742 417 2802 pe
433 2728 498 2789 quel·
530 2728 587 2774 with
597 2729 713 2788 gratitudo
723 2733 748 2775 to
759 2729 815 2776 him.
856 2792 861 2802 ¹

47 2789 395 2902 ttt'tht‘tttt
406 2789 499 2902 iiiiii
531 2791 981 2917 cilitiiaftffiniiusseaii}

47 2918 124 2980 mpla
140 2917 168 2965 oi
182 2916 277 2978 ‘quum'
288 2919 313 2964 in
329 2919 377 2964 this
394 2933 460 2966 sense
473 2919 498 2964 in
529 2918 554 2964 in
565 2918 694 2966 Corfinium
708 2919 739 2980 by
751 2919 835 2966 Caesar
846 2917 916 2980 (Bell.
929 2919 980 2966 Civ.

48 2979 136 3039 cioero,
154 2981 192 3029 De
208 2981 288 3027 Divin.
305 2982 329 3027 ii.
344 2984 390 3039 36;
405 2982 497 3038 Caesar,
529 2982 545 3028 i.
557 2981 599 3044 23)
610 2982 776 3029 andreleesed.
797 2981 854 3028 This
866 2983 981 3031 Lentulus

48 3042 76 3093 B.
88 3045 118 3094 G.
129 3045 146 3092 i.
159 3047 204 3101 235
221 3044 302 3106 Virgil,
319 3049 379 3092 Aen.
395 3046 428 3092 iii.
443 3047 498 3101 645,
530 3045 556 3091 in
571 3046 608 3092 his
624 3046 757 3106 consulship
768 3045 824 3091 took
838 3046 879 3092 the
888 3046 940 3093 lead
955 3047 980 3094 in

48 3108 149 3157 “Tertia
157 3109 206 3168 jem
217 3107 312 3165 lunae,'’
325 3113 367 3156 &c
531 3108 572 3155 the
589 3110 650 3156 reoal
665 3109 692 3156 oi
706 3109 786 3157 Cicero
801 3109 860 3155 from
878 3110 944 3164 exile,
955 3110 981 3158 in

77 3173 108 3221 Is
129 3173 230 3220 murima·
249 3172 354 3233 tmeflcii
371 3171 496 3233 memoria]
530 3172 606 3219 which
624 3173 655 3219 he
672 3187 718 3220 was
740 3173 866 3234 supported
882 3174 914 3236 hy
936 3174 980 3221 Cn.

48 3234 130 3284 Cicero
156 3236 182 3283 in
211 3234 259 3282 this
285 3236 405 3297 supplisnt
430 3236 500 3284 letter
532 3236 664 3298 Pompeius.

48 3299 131 3351 'iube
139 3304 165 3349 to
175 3299 234 3361 keep
245 3314 277 3347 on
287 3299 350 3361 good
359 3305 432 3348 terms
443 3299 500 3347 with
