2174 3764
90 174 149 233 228
326 167 371 228 Μ.
391 166 537 228 TULLII
559 166 785 228 CICERONIS

91 348 155 388 meo
167 326 305 386 instituto
318 345 390 385 usus
404 346 468 385 sum
482 329 513 384 et
526 345 592 384 eum
604 325 702 384 statim
715 325 843 386 missum
855 325 918 386 feei.
956 327 1006 386 Jan

91 420 148 478 duo
161 418 298 497 praefecti
310 417 423 476 fabrbm
438 417 567 495 Pompeii
585 417 617 476 in
636 437 729 483 meam
749 424 927 496 potestatem
939 437 1006 478 vene

90 515 160 569 runt
174 513 234 568 eta
252 529 298 567 me
316 508 396 567 missi
414 514 492 567 sunt.
534 508 563 566 Si
576 509 674 568 volent
694 510 771 586 grati
790 530 866 584 esse,
880 510 1006 570 debebunt

91 600 259 679 Pompeium
282 600 393 659 hortari
413 605 448 659 ut
471 599 552 658 malit
575 600 646 658 mihi
666 620 729 660 esse
751 602 867 662 amicus
886 601 1006 682 quamiis

90 693 183 772 quiet
200 692 243 750 illi
264 697 294 751 et
314 691 385 750 mihi
406 711 518 769 semper
530 690 651 750 fuerunt
672 691 867 752 inimicissimi
877 719 885 766 ;
904 712 1006 772 quorun

89 783 217 854 ¹artificiis
231 785 365 843 effectum
384 789 430 842 est
443 789 478 843 ut
499 803 545 842 rea
564 782 680 862 publica
693 783 725 842 in
737 784 819 845 hunc
839 791 947 846 statum
957 804 1006 865 per

88 874 220 934 veniret(
311 925 312 928 ,

191 1081 218 1137 9.
245 1077 396 1138 CICERO
417 1077 504 1136 IMP.
526 1077 553 1136 S.
573 1077 611 1136 D.
633 1076 814 1136 CAESARI
836 1078 926 1141 IMP.
999 1126 1003 1133 .

262 1187 320 1283 (an
331 1223 480 1278 narratu,
494 1223 537 1263 11.
552 1208 599 1264 11.
639 1224 669 1265 a.
683 1223 714 1264 o.
730 1223 756 1265 c.
772 1204 857 1284 705.)

90 1334 135 1393 Ut
145 1333 202 1412 legi
215 1339 281 1392 tuas
291 1334 389 1393 literas
399 1353 470 1411 quas
480 1354 497 1391 a
507 1331 616 1391 Furnio
629 1338 730 1391 nostro
742 1353 910 1413 acceperam
920 1335 1006 1415 quibus

89 1447 200 1485 mecum
219 1426 322 1504 agebas
340 1431 375 1484 ut
393 1425 430 1484 ad
442 1424 543 1483 urbem
556 1443 656 1497 essem,
670 1429 701 1483 te
713 1425 786 1483 velle
800 1426 848 1484 uti
861 1428 974 1487 consilio
985 1430 1006 1486 ct

90 1517 231 1594 dignitate
244 1538 316 1590 mea,
330 1516 425 1575 minus
440 1536 504 1575 sum
517 1515 673 1575 admiratus
685 1540 691 1586 ;
712 1515 748 1574 de
766 1518 907 1593 gratiaci
920 1519 953 1579 de
965 1536 1006 1597 ope

89 1609 158 1687 quid
179 1609 354 1686 significares
375 1628 488 1666 mecum
506 1606 568 1686 ipse
582 1607 767 1685 quaerebam:
790 1628 842 1687 spe
861 1616 957 1669 tamen
971 1609 1006 1668 de·

90 1701 214 1760 ducebar
227 1699 263 1758 ad
277 1720 338 1759 eam
357 1699 560 1776 cogitationem
578 1704 613 1757 ut
626 1703 657 1757 te
674 1717 726 1776 pro
740 1704 794 1757 tua
811 1699 969 1761 admirabili
983 1718 1006 1760 aa

89 1790 227 1867 singulari
246 1791 387 1868 sapientia
405 1790 440 1848 de
458 1790 527 1861 otio,
542 1790 577 1848 de
596 1809 674 1868 pace,
689 1789 724 1848 de
745 1792 900 1851 concordia
918 1791 1006 1853 civium

88 1882 135 1958 agi
145 1881 216 1938 velle
230 1882 399 1953 arbitrarer3
413 1884 443 1938 et
457 1880 493 1938 ad
506 1902 569 1939 eam
582 1881 723 1939 rationem
737 1881 937 1943 existimabam
950 1883 1006 1943 satis

88 1979 185 2051 aptam
198 1992 260 2030 esse
279 1977 309 2030 et
328 1977 462 2030 naturam
481 1978 511 2030 et
528 1992 679 2052 personam
697 1992 798 2032 meam.
843 1975 929 2050 Quod
942 1976 965 2035 si
976 1975 1006 2034 ita

88 2070 141 2136 est,
161 2069 190 2122 et
211 2063 236 2121 si
257 2083 313 2141 qua
334 2062 369 2121 de
390 2063 526 2140 Pompeio
547 2069 647 2122 nostro
668 2063 778 2123 tuendo
799 2071 830 2124 et
852 2067 907 2126 tibi
925 2082 958 2126 ac
971 2064 1006 2125 'rei

87 2155 218 2234 publicae
241 2153 451 2212 reconciliando
475 2159 597 2213 curate
620 2153 747 2231 attingit,
768 2157 863 2234 magis
887 2158 1006 2218 idoneum

88 2268 173 2324 quam
184 2267 236 2323 ego
251 2266 315 2304 sum
329 2244 364 2303 ad
378 2266 440 2303 eam
454 2265 568 2304 causam
583 2246 709 2324 profecto
722 2248 851 2324 reperies
861 2251 1006 2317 neminem

88 2339 137 2416 qui
158 2344 188 2396 et
209 2338 251 2395 illi
270 2357 382 2415 semper
402 2342 432 2395 et
453 2338 566 2395 senatui
585 2358 674 2415 quum
690 2337 818 2415 primum
840 2340 924 2418 potui
943 2338 1006 2420 pacis

88 2435 188 2490 auctor
201 2430 251 2500 fui,
265 2449 319 2486 nec
342 2429 464 2506 sumptis
485 2429 570 2487 armis
591 2428 659 2488 belli
675 2429 763 2486 ullam
784 2439 899 2508 partem
919 2431 1006 2510 artiga

83 2521 264 2600 judicavique
278 2540 311 2578 eo
325 2519 399 2579 bello
410 2526 440 2578 te
450 2520 549 2577 violari
562 2524 662 2578 contra
676 2520 757 2598 cujus
767 2520 909 2583 honorem
922 2519 1006 2603 popul

87 2612 212 2672 Romani
232 2612 370 2671 beneficio
395 2631 561 2671 concessum
587 2611 696 2670 inimici
722 2617 810 2689 atque
835 2616 926 2676 invidi
947 2617 1006 2675 nite

87 2793 144 2839 then
166 2792 191 2838 in
212 2789 378 2847 Brundusium,
400 2790 457 2836 with
483 2805 536 2851 pro·
569 2787 652 2836 Caesar
662 2788 749 2834 wished
758 2788 795 2835 for
806 2806 886 2851 pecca.

87 2856 297 2916 posalsforpeace.
599 2853 740 2912 Personam]
776 2854 821 2900 See
832 2857 871 2903 De
881 2858 937 2905 Am.
948 2873 967 2905 c.
980 2859 998 2904 l.

118 2924 141 2968 9.
158 2917 536 2965 Thieisananswertotheletter
602 2916 690 2962 Contra
720 2917 788 2975 cujas
810 2945 843 2954 -
864 2919 1006 2980 altercatum]

86 2983 161 3028 which
172 2983 254 3030 Cicero
265 2981 366 3028 received
379 2980 440 3027 from
452 2980 536 3026 Caesar
568 2979 653 3025 “Thm
668 2979 699 3039 by
716 2980 756 3025 the
772 2995 822 3027 war
840 2999 888 3044 you
908 2985 954 3032 had
970 2985 1006 3031 vic

86 3044 117 3104 by
130 3046 236 3092 Furnius.
271 3046 295 3092 It
311 3045 330 3090 is
346 3043 467 3104 preserved
483 3044 507 3089 in
522 3059 536 3088 a
567 3043 632 3089 leuce
643 3044 704 3089 dona
714 3047 739 3089 to
751 3059 806 3103 you,
821 3047 886 3094 since
897 3064 955 3110 your
965 3062 1006 3095 ene

86 3108 155 3154 letter
165 3114 190 3154 to
201 3110 300 3166 Atticus,
310 3108 336 3153 in
346 3107 422 3152 which
434 3106 464 3151 he
475 3122 534 3168 says,
567 3107 624 3153 mies
641 3106 686 3153 and
702 3107 727 3154 ill
737 3108 833 3156 wishers
844 3126 905 3158 were
921 3113 1006 3183 fighting

87 3171 168 3217 “Misi
184 3172 213 3218 ad
229 3179 253 3218 te
269 3171 400 3231 exemplum
416 3170 534 3216 literarum
566 3171 656 3229 against
677 3185 692 3216 a
712 3171 821 3232 privilege
844 3176 964 3224 conferred
985 3175 1006 3261 by

86 3249 190 3279 mearum
205 3235 235 3281 ad
251 3233 380 3288 Caesarem,
396 3233 480 3294 quibus
497 3248 535 3280 me
566 3234 606 3279 the
617 3235 697 3280 favour
712 3234 738 3280 of
751 3235 792 3281 the
805 3237 900 3286 Roman
911 3241 997 3303 people.

81 3297 171 3358 aliquid
182 3298 342 3360 profecturum
351 3296 434 3358 puto.'’
565 3297 616 3344 The
627 3298 718 3344 honour
733 3312 780 3344 was
793 3304 830 3346 ‘ut
846 3302 951 3352 absentis
960 3304 1006 3354 rati(

109 3362 361 3424 Spe—deducebar]
399 3361 448 3409 llis
464 3360 541 3422 hopes
566 3360 696 3408 haheretvn'
716 3359 766 3423 <ad
776 3362 826 3411 att.
839 3366 937 3431 viiia),

66 3441 98 3475 or
107 3427 148 3476 bis
158 3429 248 3478 wishes
260 3430 299 3478 led
310 3429 366 3477 him
374 3433 402 3476 to
413 3425 485 3476 amah
495 3424 550 3474 that
