2198 3758
118 120 157 177 ιι
444 115 550 175 caro
570 114 724 180 nasos.
767 190 771 195 ,

118 278 252 333 senectus
272 293 333 333 non
352 273 437 333 modo
456 273 592 351 languida
611 230 701 352 atquii
709 256 789 332 iners
806 293 867 333 non
886 273 936 346 sit,
949 294 1056 335 verum

117 367 204 427 etium
231 367 270 425 sit
293 386 413 444 operosa
429 371 465 446 ¹et
489 387 602 445 semper
624 386 712 444 agens
735 365 842 444 aliquid
864 372 895 425 et
918 367 1056 440 moliens,

117 459 175 517 tale
189 458 298 518 scilieet
312 459 395 535 quale
408 459 549 536 cujusque
563 458 692 517 studium
704 457 736 515 in
750 456 896 535 superiore
910 457 973 517 vita
985 459 1058 517 fuit.

89 587 93 593 ·
119 549 206 624 Quid,
220 549 270 627 qui
287 550 375 608 etiam
396 549 549 633 addiscunt
567 549 696 627 aliquid?
717 554 752 608 ut
771 548 906 607 Solonem
918 549 1060 609 versibus

117 642 287 718 gloriantem
306 640 445 712 videmus,
458 641 508 719 qui
530 661 560 699 se
579 640 707 718 quotidie
727 640 834 719 aliquid
853 639 1064 701 addiscentem

118 731 187 789 dicit
201 751 297 790 senem
315 731 395 789 fieri:
416 737 451 790 ut
472 752 525 809 ego
544 731 600 790 feci
618 731 667 810 qui
682 731 808 790 Graecas
828 730 942 791 litteras
964 752 1066 792 senex

118 823 210 894 didici,
235 844 305 900 quas
327 822 442 900 quidem
469 823 509 881 sic
533 823 612 882 avide
636 822 753 900 arripui,
777 821 858 900 quasi
881 821 1064 883 diuturnam

13 898 55 978 J.
118 915 196 974 sitim
209 914 321 994 explere
335 914 462 992 cupiens,
477 920 511 973 ut
528 894 638 996 eafflssa
656 913 726 973 mihi
743 918 815 972 nota
832 919 932 972 essent
946 914 1066 992 quibus

13 1058 15 1063 .
51 1067 55 1077 ⁸
79 1024 92 1065 ,κ
118 1027 162 1065 me
185 1027 263 1065 nunc
286 1005 422 1082 exemplis
443 1004 488 1064 uti
506 1004 618 1064 videtis.
660 1004 746 1079 Quod
765 1024 854 1081 quum
874 1003 981 1064 fecisse
1005 1007 1062 1066 So-

38 1096 59 1155 l.»
76 1112 98 1151 ὲ
117 1103 224 1156 cratem
245 1098 277 1155 in
297 1097 402 1157 fidibus
424 1096 560 1168 audirem,
579 1095 682 1154 vellem
702 1095 835 1173 equidem
858 1095 949 1155 etiam
971 1097 1062 1169 illud,

117 1188 264 1249 discebant
298 1188 374 1247 enim
406 1187 511 1248 fidibus
543 1187 663 1266 antiqui,
695 1186 747 1246 sed
779 1186 812 1246 in
838 1187 947 1271 litteris
974 1196 1057 1249 certe

62 1281 267 1367 q2,.elaboravi.
710 1270 732 1283 ”⁵

157 1373 214 1431 IX.
236 1372 283 1433 27.
305 1372 369 1431 Neo
382 1392 461 1431 nunc
479 1371 594 1450 quidem
609 1370 685 1430 vires
705 1370 834 1430 desidero
848 1369 1049 1444 adolescentis,

116 1463 141 1521 is
153 1465 230 1522 enim
242 1470 305 1523 erat
315 1465 396 1549 1999}
407 1465 480 1523 alter
491 1464 525 1522 de
539 1462 616 1521 vitiis
630 1462 798 1534 senectutis,
812 1482 872 1520 non
884 1463 953 1541 plus
965 1485 1047 1543 qnam

117 1555 282 1614 adolescens
294 1556 372 1614 tauri
386 1562 436 1615 aut
450 1554 596 1633 elephanti
606 1553 810 1613 desiderabam.
853 1554 940 1629 Quod
955 1563 1004 1635 est
1016 1576 1045 1617 eo

118 1647 201 1706 decet
222 1648 283 1706 uti:
315 1653 345 1706 et
369 1647 506 1726 quidquid
530 1667 598 1724 agas
622 1666 706 1722 agere
729 1667 781 1724 pro
804 1645 923 1705 viribus.
967 1648 1045 1724 Quae

116 1739 192 1798 enim
212 1759 266 1797 vox
286 1744 383 1817 potest
404 1759 467 1798 esse
488 1737 681 1816 contemptior
697 1757 783 1817 quam
800 1737 922 1796 Milonis
944 1738 1043 1799 Croto

116 1830 235 1890 niatae?
256 1831 313 1909 qui,
327 1852 416 1909 quum
431 1831 492 1909 jam
511 1850 598 1889 senex
616 1834 694 1887 esset
713 1822 892 1908 athletasque
915 1849 946 1888 se
968 1851 1043 1890 exer·

116 1929 214 1980 centes
224 1922 256 1980 in
266 1922 407 1982 curriculo
417 1922 535 1995 videret,
547 1920 708 1999 adspexisse
722 1920 845 1980 lacertos
862 1941 930 1980 suos
941 1922 1045 1982 dicitur

115 2048 134 2094 is
153 2048 194 2095 the
212 2047 302 2108 subject
320 2048 347 2096 of
361 2048 402 2096 the
420 2047 563 2109 predication
626 2047 648 2094 9.
671 2045 761 2107 Locro]
806 2044 907 2092 ‘Iocus'
930 2061 1012 2096 meana
1032 2063 1046 2096 a

118 2111 230 2160 ‘videtis’
594 2109 665 2169 topic,
685 2124 712 2156 or
728 2113 814 2156 matter
832 2109 859 2155 of
878 2109 1006 2169 discourss‚
1021 2113 1046 2159 in

146 2177 247 2237 Aliquid
257 2177 422 2230 addiscentem,
435 2176 490 2232 δια]
512 2174 563 2221 'ste
596 2173 673 2220 Greek
699 2171 783 2228 τόπος.
822 2173 907 2221 “Cum
933 2177 1045 2235 pensati.

115 2240 227 2286 words'of
240 2240 311 2287 Solon
325 2255 364 2287 are
379 2238 507 2302 (Plutarch,
520 2238 563 2285 So·
595 2251 649 2296 gare
657 2242 820 2296 argumentum
828 2237 1045 2299 aliquodvolumus,

115 2303 162 2362 lop,
175 2303 265 2367 o.3l):
595 2301 658 2347 locos
678 2315 747 2348 nosse
768 2300 895 2348 debemus:
923 2302 957 2348 sic
984 2304 1046 2351 ssim

147 2397 261 2462 γηράσκω
273 2397 293 2446 δ’
305 2396 351 2446 αἰεὶ
363 2397 446 2446 πολλὰ
458 2394 524 2444 dedu·
595 2364 724 2474 ιρρθιηαωὲ
738 2364 768 2410 ⁸b
785 2364 912 2439 mide
929 2372 987 2414 mni
1002 2367 1046 2414 Μ

210 2463 334 2525 σκόμινος.
594 2441 757 2553 ἓξοδέωῗθωθῗι
769 2428 1047 2557 θῶῗὲωὶιεοῖῗῗω

152 2554 238 2600 Vellem
260 2555 366 2614 equidem
387 2555 458 2600 eliam
479 2553 560 2615 illud]
630 2556 699 2612 Quod
708 2526 750 2611 eol,
763 2555 818 2617 &c.]
844 2526 1047 2619 'Thishssgood

115 2617 151 2663 “I
170 2617 227 2663 wish
245 2616 258 2664 I
277 2617 345 2664 oould
362 2617 421 2664 have
438 2617 499 2664 done
510 2618 563 2664 that
594 2619 699 2680 example
711 2625 735 2665 to
747 2620 810 2666 show
820 2619 861 2665 the
870 2620 994 2669 differsnoe
1004 2621 1045 2669 be·

114 2679 179 2727 too.”
210 2681 268 2727 This
285 2681 305 2727 is
322 2687 375 2742 part
388 2681 563 2728 osasentence
593 2683 720 2730 tweenthe
737 2683 860 2730 indioetive
875 2683 923 2730 and
937 2684 979 2732 the
989 2685 1045 2733 sub·

113 2746 138 2791 in
149 2745 225 2791 which
235 2744 276 2790 the
287 2744 531 2800 condition‘si‚'⁴if,'
542 2746 562 2792 is
591 2747 709 2805 junctive:
737 2747 823 2793 “what
838 2761 886 2808 you
907 2747 973 2806 have,
992 2749 1046 2798 that

114 2807 562 2935 illpilfd’'‘cil¹¹lle⁹lll⁶llils¹}2
592 2825 639 2920 {33¹
650 2810 1046 2925 tlltltttttlh‘tt'ffi

114 2938 138 2983 in
161 2938 203 2984 the
229 2938 298 2983 letter
323 2935 361 2982 Ad
389 2936 419 2987 Q.
450 2936 488 2983 Fr.
519 2939 561 2983 12:
593 2890 782 2984 effortsstg’The
804 2938 856 2984 first
879 2890 933 2999 psit
954 2938 983 2986 oi
1002 2940 1046 2988 the

114 3005 129 3028 ‘⁸
138 3001 320 3062 eramquamin
331 2999 367 3046 his
377 2999 461 3046 litteris
472 3000 563 3060 longior
593 3008 702 3048 sentence
721 3002 827 3048 contains
845 3017 876 3048 un
895 3003 1045 3062 affirmation,

114 3064 147 3111 tui
161 3080 231 3127 quam
247 3065 513 3125 autvellemautquam
524 3078 563 3110 me
594 3064 734 3126 ‘quodest’
767 3065 903 3126 ‘Quidquid
914 3057 977 3127 αφ’
988 3082 1046 3115 mn.

114 3126 278 3188 putavifore.''
354 3146 359 3155 ’
592 3129 654 3175 taius
672 3143 702 3175 no
718 3129 791 3176 direct
805 3129 1046 3187 affirmationbutn

93 3208 96 3212 ·
145 3191 401 3252 Discelaat-fidibas]
443 3190 562 3237 ‘Lesrned
593 3192 633 3238 the
644 3191 735 3252 subject
751 3192 778 3239 of
790 3192 866 3239 which
879 3192 1046 3255 ispredioeted

113 3257 269 3316 toplayona
283 3255 385 3315 stringed
403 3253 559 3301 instrument!
593 3259 676 3316 ‘agere
687 3270 729 3316 pro
739 3255 826 3302 viribus
837 3255 920 3303 decet!
955 3257 1047 3322 Itmay
1077 3282 1080 3289 ·

103 3316 325 3367 saerosanctis
340 3321 474 3382 expression
486 3323 500 3347 ‘⁴
509 3318 561 3368 ndi-
591 3319 622 3366 be
632 3319 752 3374 rendered.
769 3319 816 3366 “if
828 3334 875 3380 you
890 3319 921 3366 do
935 3335 952 3369 a
967 3321 1046 3388 thing,

87 3378 135 3426 bus
145 3395 244 3442 cauae,
256 3385 352 3446 docere,
364 3384 451 3437 scire.''
598 3383 850 3443 duitasuellasqou
857 3382 921 3431 mul*
