2174 3764
437 184 524 246 OAP.
545 184 615 246 XV.
949 185 989 243 43

43 346 142 403 terrae
156 347 187 401 et
200 342 299 402 calore
322 340 390 401 solis
410 362 568 420 augescens
586 341 678 422 primo
697 347 742 401 est
755 339 910 431 peracerba
922 360 988 418 gus-
1012 414 1018 421 ⁸

44 439 121 504 tatu,
137 433 244 492 deinde
264 438 412 491 maturata
430 434 576 507 dulcescit,
589 434 751 512 vestitaque
771 433 914 511 pampinis
933 452 988 491 nec
1009 440 1067 487 ‘sce--

45 526 160 584 modico
173 531 278 603 tepore
292 530 372 583 caret
384 530 414 583 et
423 526 528 584 nimios
543 526 610 584 solis
624 525 754 585 defendit
767 525 891 585 ardores.
923 524 989 598 Qua

47 617 118 693 qnid
137 621 239 694 potest
263 635 329 675 esse
347 621 415 695 ‚tum
436 616 536 675 fructu
555 617 660 699 laetius
679 623 743 675 tum
765 616 903 694 adspectu
925 616 988 695 pul·
1006 628 1067 673 out

48 708 171 766 chriusi'
214 707 309 786 Cujus
329 707 445 784 quidem
464 728 525 767 non
545 708 657 774 utilitas
679 728 726 767 me
750 708 851 780 solum,
865 711 900 765 ut
920 714 988 766 ante

50 798 116 870 dixi,
131 798 184 858 sed
199 799 289 857 etiam
303 798 418 858 cultura
431 804 461 857 et
474 799 538 878 ipsa
549 806 656 858 natura
669 800 811 862 delectat:
833 799 988 858 adminicu-

50 891 145 951 lorum
169 891 297 962 ordines,
321 891 449 969 capitum
465 892 588 970 jugatio,
611 892 743 968 religatio
766 895 797 949 et
820 890 988 969 propagatio

52 982 163 1054 sitium,
177 987 448 1061 sarmentorumque
469 1003 504 1042 ea
516 1003 602 1060 quam
615 983 674 1041 dixi
687 983 806 1041 aliorum
828 982 988 1060 amputatio

53 1073 172 1132 aliorum
190 1073 341 1132 immissio.
383 1074 462 1148 Quid
481 1095 535 1152 ego
555 1075 745 1152 irrigationes,
759 1075 828 1152 quid
847 1074 988 1133 fossiones
1031 1136 1035 1143 ,
1061 1132 1067 1147 ,

54 1167 116 1243 agri
135 1166 437 1247 repastinationesque
458 1166 601 1245 proferam
620 1167 724 1245 quibus
744 1167 778 1225 fit
797 1166 890 1225 multo
910 1172 988 1224 terra
1044 1170 1065 1201 “···

55 1256 224 1318 fecundior?
276 1262 325 1316 54.
348 1258 428 1333 Quid
450 1258 487 1317 de
511 1259 639 1321 utilitate
662 1259 763 1337 loquar
786 1257 988 1316 stercorandi?

10 1376 12 1429 ;
58 1348 113 1409 dixi
133 1350 165 1410 in
186 1371 221 1410 eo
242 1350 318 1409 libro
338 1370 423 1428 quem
444 1350 479 1409 de
498 1351 586 1408 rebus
605 1351 722 1409 rusticis
747 1349 855 1427 scripsi,
877 1348 912 1406 dc
932 1368 989 1426 qua

60 1441 154 1502 doctus
167 1440 319 1501 Hemodos
332 1461 370 1500 ne
383 1441 503 1500 verbum
513 1443 627 1520 quidem
641 1442 711 1501 fecit
725 1452 813 1520 quum
828 1441 863 1498 de
874 1441 989 1499 cultura

61 1533 117 1611 agri
134 1534 291 1593 scriberet:
312 1538 343 1591 at
361 1534 518 1605 Homerus,
534 1533 583 1610 qui
602 1534 711 1605 multis,
726 1537 761 1590 nt
780 1532 852 1591 mihi
864 1531 987 1604 videtin,

62 1628 123 1683 ante
143 1625 246 1684 semilis
268 1624 336 1697 fuit,
360 1624 496 1683 Laertem
520 1625 678 1683 lenientem
704 1624 886 1696 desiderium,
910 1623 988 1701 quod

63 1715 180 1793 aptabat
203 1737 222 1776 e
244 1716 314 1788 filio,
338 1715 481 1774 colentem
505 1736 607 1794 agrum
634 1721 665 1774 et
690 1736 757 1775 eum
781 1720 988 1774 stercorantem

64 1802 130 1866 aaa
167 1809 234 1867 Nec
253 1826 323 1866 vero
347 1807 495 1883 segetibus
520 1808 613 1866 solum
636 1812 667 1866 et
688 1807 780 1885 pratis
801 1812 831 1865 et
844 1806 936 1865 vineis
957 1812 988 1865 et

65 1896 175 1961 mutis
194 1920 244 1960 rea
263 1898 392 1958 rusticae
412 1898 505 1957 laetae
528 1899 672 1972 suntsed
687 1898 775 1957 etiam
788 1898 880 1958 hortis
894 1903 925 1957 et
937 1918 988 1976 po·

65 1991 163 2066 miis3
186 2000 255 2052 tum
274 1991 420 2070 pecudum
441 1995 536 2069 pastu,
559 1990 656 2068 apium
676 1990 863 2062 examinibus,
884 1991 988 2048 florum

65 2083 176 2144 minium
189 2084 341 2143 varietate.
382 2082 447 2141 Nec
469 2082 644 2141 consitiones
666 2081 751 2139 modo
772 2082 918 2140 delectant
937 2081 988 2141 sed

66 2172 310 2248 stminsiffiones,
320 2173 426 2253 quibus
434 2173 509 2232 nihil
517 2174 629 2236 invenit
639 2173 817 2251 agricultura
827 2172 982 2257 sollertius.

147 2258 245 2343 (sp-’ru‘
273 2300 280 2343 Ι
401 2266 406 2275 “
832 2276 869 2289 ..,-
894 2278 897 2283 -
983 2282 987 2293 .

92 2378 193 2441 &plum
206 2377 328 2441 jamia]
361 2376 437 2424 Varro
455 2375 504 2439 (Do
535 2377 988 2440 passageappesrstobensedasinthe

66 2436 504 2565 >a
567 2506 972 2568 1

66 2573 176 2631 wad
188 2572 231 2618 ‘in
242 2570 340 2617 modum
349 2569 417 2629 jugi!
439 2538 445 2562 ’
537 2566 608 2630 (xxiv.
619 2569 678 2633 226)
687 2542 784 2631 lllysses
792 2571 853 2617 finds
865 2569 901 2616 his
912 2520 989 2616 simei

67 2693 72 2704 ¹
89 2634 219 2697 anima]
232 2634 285 2681 'l'he
295 2638 392 2680 context
400 2632 505 2693 explains
536 2634 664 2680 somewhat
674 2635 805 2696 differently
817 2633 971 2695 employed-

66 2695 506 2748 tssomooftlre‘sarmenta’or
555 2731 614 2747 .,
744 2730 807 2750 Η,
874 2737 884 2746 ..
946 2730 952 2748 ι

66 2759 131 2811 m
149 2778 191 2811 m
212 2767 254 2809 cut
275 2761 322 2818 0ff;
349 2761 428 2807 others
446 2760 505 2806 hm
538 2731 679 2810 tortoles»
688 2750 766 2796 πατερ
782 2732 987 2796 ευρενὲυκτιμενῃ

66 2822 114 2872 “⁶¹
128 2828 187 2875 ‘¹¹⁴¹’
208 2830 255 2888 ΡΜ
270 2825 296 2900 ³3¹
312 2824 354 2872 ²¹¹⁰
371 2823 463 2884 ΨΜ
480 2828 505 2870 ‘⁰
536 2797 595 2908 ai?
607 2799 697 2907 ssls’la
728 2860 796 2907 aaa

66 2888 175 2939 literoot.
208 2886 504 2947 ‘Pastrnara’aud‘repas-
594 2879 681 2922 ΡΜ
709 2869 725 2922 o

65 2950 132 3001 tirm'
147 2956 206 3002 isto
216 2954 258 3014 dig
272 2951 320 2998 and
330 2956 387 2998 turn
397 2966 452 2998 over
462 2951 505 2999 the
535 2949 587 2995 The
598 2949 636 2995 old
647 2964 701 2995 man
708 2963 754 2993 was
763 2947 856 3006 iorking
863 2945 935 2992 about
946 2945 987 2992 the

65 3019 149 3075 parad.
535 3013 600 3059 vines
617 3012 664 3059 and
681 3012 783 3072 elearing
799 3012 871 3057 them.
904 3009 987 3056 Nota

32 3126 35 3131 .
62 3080 216 3158 βιαίων]
250 3079 304 3157 sshe
320 3092 389 3139 poem
407 3078 504 3126 entitled
535 3077 599 3123 word
615 3076 688 3150 stent
705 3075 810 3135 dnnging
826 3075 851 3120 in
865 3073 986 3147 theorigi·

71 3144 128 3207 Εργα
144 3146 186 3194 rai
214 3148 316 3205 Hpspaa,
336 3142 505 3188 “Worksand
535 3141 583 3197 nal,
594 3140 670 3186 which
681 3140 723 3185 has
731 3138 837 3185 troubled
846 3137 987 3193 thecntrcag

64 3204 141 3269 Dayr,''
160 3210 182 3257 is
200 3206 321 3269 supposed
334 3209 360 3252 to
371 3205 505 3252 beallnded
535 3204 579 3251 bnt
596 3204 677 3251 Cicero
696 3217 749 3262 may
766 3203 825 3248 have
845 3200 987 3247 understood

63 3274 89 3317 to.
117 3273 166 3321 But
180 3271 278 3332 nobody
293 3269 371 3317 would
385 3274 505 3329 expectto
536 3269 577 3314 the
588 3281 685 3328 passage
694 3266 765 3325 right.
799 3265 894 3311 Laertes
911 3264 988 3324 might

63 3334 103 3382 lar
125 3352 172 3399 any
197 3336 270 3395 thing
296 3334 369 3380 about
400 3333 505 3393 dunging
536 3331 566 3378 be
584 3333 679 3407 stirring
694 3330 736 3376 the
754 3329 819 3376 carth
835 3329 884 3377 and
893 3329 994 3390 puttiug

62 3398 280 3518 ὛΗΜᾸ
313 3458 370 3507 ‘At'
395 3460 423 3509 in
450 3462 501 3512 this
535 3412 743 3514 mapprlgippgmss
788 3456 966 3512 ‘Consuesse
995 3454 1026 3501 ‘aa
