<?xml version="1.0" encoding="UTF-8"?>
<!DOCTYPE html PUBLIC "-//W3C//DTD XHTML 1.0 Transitional//EN"
    "http://www.w3.org/TR/xhtml1/DTD/xhtml1-transitional.dtd">
<html xmlns="http://www.w3.org/1999/xhtml" xml:lang="en" lang="en">
 <head>
  <title>
</title>
<meta http-equiv="Content-Type" content="text/html;charset=utf-8" />
  <meta name='ocr-system' content='tesseract 3.04.00' />
  <meta name='ocr-capabilities' content='ocr_page ocr_carea ocr_par ocr_line ocrx_word'/>
</head>
<body>
  <div class='ocr_page' id='page_1' title='image "./mtulliiciceroni51cicegoog/mtulliiciceroni51cicegoog_0223.png"; bbox 0 0 2174 3764; ppageno 0'>
   <div class='ocr_carea' id='block_1_1' title="bbox 128 133 818 237">
    <p class='ocr_par' dir='ltr' id='par_1_1' title="bbox 128 133 818 237">
     <span class='ocr_line' id='line_1_1' title="bbox 128 133 818 237; baseline -0.009 -1"><span class='ocrx_word' id='word_1_1' title='bbox 128 179 186 236; x_wconf 80' lang='lat' dir='ltr'><strong>rso</strong></span> <span class='ocrx_word' id='word_1_2' title='bbox 221 133 225 137; x_wconf 34' lang='lat'>⁹</span> <span class='ocrx_word' id='word_1_3' title='bbox 362 177 407 237; x_wconf 89' lang='lat' dir='ltr'><strong>M.</strong></span> <span class='ocrx_word' id='word_1_4' title='bbox 427 172 573 235; x_wconf 82' lang='lat' dir='ltr'><strong>runnu</strong></span> <span class='ocrx_word' id='word_1_5' title='bbox 594 171 818 233; x_wconf 80' lang='lat' dir='ltr'><strong>oromorrs</strong></span> 
     </span>
    </p>
   </div>
   <div class='ocr_carea' id='block_1_2' title="bbox 124 329 1048 500">
    <p class='ocr_par' dir='ltr' id='par_1_2' title="bbox 124 329 1048 500">
     <span class='ocr_line' id='line_1_2' title="bbox 126 329 1048 412; baseline 0 -20"><span class='ocrx_word' id='word_1_6' title='bbox 126 334 253 412; x_wconf 85' lang='lat' dir='ltr'><strong>posthae,</strong></span> <span class='ocrx_word' id='word_1_7' title='bbox 268 332 293 393; x_wconf 87' lang='lat' dir='ltr'><strong>si</strong></span> <span class='ocrx_word' id='word_1_8' title='bbox 314 333 383 412; x_wconf 91' lang='lat' dir='ltr'><strong>quid</strong></span> <span class='ocrx_word' id='word_1_9' title='bbox 404 353 476 412; x_wconf 89' lang='lat' dir='ltr'><strong>opus</strong></span> <span class='ocrx_word' id='word_1_10' title='bbox 497 332 560 406; x_wconf 87' lang='lat' dir='ltr'><strong>erit,</strong></span> <span class='ocrx_word' id='word_1_11' title='bbox 582 331 607 391; x_wconf 84' lang='lat' dir='ltr'><strong>si</strong></span> <span class='ocrx_word' id='word_1_12' title='bbox 626 330 695 411; x_wconf 92' lang='lat' dir='ltr'><strong>quid</strong></span> <span class='ocrx_word' id='word_1_13' title='bbox 714 329 852 390; x_wconf 81' lang='lat' dir='ltr'><strong>acciderit</strong></span> <span class='ocrx_word' id='word_1_14' title='bbox 872 330 949 404; x_wconf 85' lang='lat' dir='ltr'><strong>novi,</strong></span> <span class='ocrx_word' id='word_1_15' title='bbox 968 332 1048 392; x_wconf 84' lang='lat' dir='ltr'><strong>fooies</strong></span> 
     </span>
     <span class='ocr_line' id='line_1_3' title="bbox 124 422 1013 500; baseline 0.001 -17"><span class='ocrx_word' id='word_1_16' title='bbox 124 431 159 483; x_wconf 87' lang='lat' dir='ltr'><strong>ut</strong></span> <span class='ocrx_word' id='word_1_17' title='bbox 174 425 268 486; x_wconf 86' lang='lat' dir='ltr'><strong>seiam.</strong></span> <span class='ocrx_word' id='word_1_18' title='bbox 310 426 388 485; x_wconf 79' lang='lat' dir='ltr'><strong>Oura</strong></span> <span class='ocrx_word' id='word_1_19' title='bbox 399 425 549 485; x_wconf 87' lang='lat' dir='ltr'><strong>utvaleas.</strong></span> <span class='ocrx_word' id='word_1_20' title='bbox 589 423 686 500; x_wconf 63' lang='lat' dir='ltr'><strong>Vale.&gt;</strong></span> <span class='ocrx_word' id='word_1_21' title='bbox 707 422 812 483; x_wconf 81' lang='lat' dir='ltr'><strong>Diiii</strong></span> <span class='ocrx_word' id='word_1_22' title='bbox 826 423 931 484; x_wconf 86' lang='lat' dir='ltr'><strong>Nonas</strong></span> <span class='ocrx_word' id='word_1_23' title='bbox 944 425 1013 484; x_wconf 83' lang='lat' dir='ltr'><strong>Jun</strong></span> 
     </span>
    </p>
   </div>
   <div class='ocr_carea' id='block_1_3' title="bbox 228 576 951 758">
    <p class='ocr_par' dir='ltr' id='par_1_3' title="bbox 228 576 951 758">
     <span class='ocr_line' id='line_1_4' title="bbox 228 576 951 638; baseline -0.001 0"><span class='ocrx_word' id='word_1_24' title='bbox 228 580 256 638; x_wconf 78' lang='grc'><strong>3.</strong></span> <span class='ocrx_word' id='word_1_25' title='bbox 280 578 460 638; x_wconf 74' lang='lat' dir='ltr'>TULLIUS</span> <span class='ocrx_word' id='word_1_26' title='bbox 480 577 714 637; x_wconf 75' lang='lat' dir='ltr'>TERENTIAE</span> <span class='ocrx_word' id='word_1_27' title='bbox 734 576 843 635; x_wconf 82' lang='lat' dir='ltr'>SUAE</span> <span class='ocrx_word' id='word_1_28' title='bbox 864 577 893 636; x_wconf 80' lang='lat' dir='ltr'><strong>S.</strong></span> <span class='ocrx_word' id='word_1_29' title='bbox 911 577 951 638; x_wconf 89' lang='lat' dir='ltr'><strong>D.</strong></span> 
     </span>
     <span class='ocr_line' id='line_1_5' title="bbox 393 678 785 758; baseline 0 -17"><span class='ocrx_word' id='word_1_30' title='bbox 393 684 471 758; x_wconf 78' lang='lat' dir='ltr'><strong>(xrs.</strong></span> <span class='ocrx_word' id='word_1_31' title='bbox 487 684 533 740; x_wconf 85' lang='lat'><strong>12.</strong></span> <span class='ocrx_word' id='word_1_32' title='bbox 573 700 602 740; x_wconf 75' lang='lat' dir='ltr'><strong>i.</strong></span> <span class='ocrx_word' id='word_1_33' title='bbox 616 699 647 743; x_wconf 88' lang='lat' dir='ltr'><strong>u.</strong></span> <span class='ocrx_word' id='word_1_34' title='bbox 663 699 689 741; x_wconf 86' lang='lat' dir='ltr'><strong>e.</strong></span> <span class='ocrx_word' id='word_1_35' title='bbox 704 678 785 756; x_wconf 86' lang='grc'><strong>706.)</strong></span> 
     </span>
    </p>
   </div>
   <div class='ocr_carea' id='block_1_4' title="bbox 120 783 1045 1412">
    <p class='ocr_par' dir='ltr' id='par_1_4' title="bbox 120 783 1045 1412">
     <span class='ocr_line' id='line_1_6' title="bbox 125 783 1045 864; baseline -0.001 -21"><span class='ocrx_word' id='word_1_36' title='bbox 125 783 211 858; x_wconf 77' lang='lat' dir='ltr'><strong>Quod</strong></span> <span class='ocrx_word' id='word_1_37' title='bbox 223 804 276 843; x_wconf 91' lang='lat' dir='ltr'><strong>nos</strong></span> <span class='ocrx_word' id='word_1_38' title='bbox 289 783 322 843; x_wconf 92' lang='lat' dir='ltr'><strong>in</strong></span> <span class='ocrx_word' id='word_1_39' title='bbox 334 785 450 844; x_wconf 78' lang='lat' dir='ltr'><strong>Italiam</strong></span> <span class='ocrx_word' id='word_1_40' title='bbox 464 785 555 845; x_wconf 83' lang='lat' dir='ltr'><strong>salvos</strong></span> <span class='ocrx_word' id='word_1_41' title='bbox 567 784 681 844; x_wconf 87' lang='lat' dir='ltr'><strong>venisse</strong></span> <span class='ocrx_word' id='word_1_42' title='bbox 698 783 815 862; x_wconf 78' lang='lat' dir='ltr'><strong>gaudes,</strong></span> <span class='ocrx_word' id='word_1_43' title='bbox 828 789 971 864; x_wconf 85' lang='lat' dir='ltr'><strong>perpetuo</strong></span> <span class='ocrx_word' id='word_1_44' title='bbox 985 804 1045 863; x_wconf 85' lang='lat' dir='ltr'><strong>gau-</strong></span> 
     </span>
     <span class='ocr_line' id='line_1_7' title="bbox 125 874 1044 959; baseline 0 -25"><span class='ocrx_word' id='word_1_45' title='bbox 125 875 191 934; x_wconf 87' lang='lat' dir='ltr'><strong>deas</strong></span> <span class='ocrx_word' id='word_1_46' title='bbox 206 876 298 936; x_wconf 77' lang='lat' dir='ltr'><strong>velim.</strong></span> <span class='ocrx_word' id='word_1_47' title='bbox 339 876 397 936; x_wconf 80' lang='lat' dir='ltr'><strong>sed</strong></span> <span class='ocrx_word' id='word_1_48' title='bbox 413 876 575 956; x_wconf 82' lang='lat' dir='ltr'><strong>perturbati</strong></span> <span class='ocrx_word' id='word_1_49' title='bbox 595 876 692 935; x_wconf 86' lang='lat' dir='ltr'><strong>dolore</strong></span> <span class='ocrx_word' id='word_1_50' title='bbox 713 874 802 935; x_wconf 91' lang='lat' dir='ltr'><strong>animi</strong></span> <span class='ocrx_word' id='word_1_51' title='bbox 819 875 988 959; x_wconf 71' lang='lat' dir='ltr'><strong>magnisque</strong></span> <span class='ocrx_word' id='word_1_52' title='bbox 1005 875 1044 934; x_wconf 89' lang='lat' dir='ltr'><strong>in·</strong></span> 
     </span>
     <span class='ocr_line' id='line_1_8' title="bbox 120 966 1044 1047; baseline -0.001 -21"><span class='ocrx_word' id='word_1_53' title='bbox 120 967 204 1046; x_wconf 87' lang='lat' dir='ltr'><strong>juriis</strong></span> <span class='ocrx_word' id='word_1_54' title='bbox 227 972 326 1028; x_wconf 90' lang='lat' dir='ltr'><strong>metuo</strong></span> <span class='ocrx_word' id='word_1_55' title='bbox 347 988 386 1027; x_wconf 91' lang='lat' dir='ltr'><strong>ne</strong></span> <span class='ocrx_word' id='word_1_56' title='bbox 412 968 443 1027; x_wconf 94' lang='lat' dir='ltr'><strong>id</strong></span> <span class='ocrx_word' id='word_1_57' title='bbox 468 967 580 1028; x_wconf 84' lang='lat' dir='ltr'><strong>consilii</strong></span> <span class='ocrx_word' id='word_1_58' title='bbox 602 968 760 1047; x_wconf 82' lang='lat' dir='ltr'>ceperimus</span> <span class='ocrx_word' id='word_1_59' title='bbox 782 966 861 1045; x_wconf 91' lang='lat' dir='ltr'><strong>quod</strong></span> <span class='ocrx_word' id='word_1_60' title='bbox 883 988 946 1028; x_wconf 90' lang='lat' dir='ltr'><strong>non</strong></span> <span class='ocrx_word' id='word_1_61' title='bbox 970 967 1044 1026; x_wconf 87' lang='lat' dir='ltr'><strong>faoile</strong></span> 
     </span>
     <span class='ocr_line' id='line_1_9' title="bbox 124 1057 1044 1139; baseline -0.002 -21"><span class='ocrx_word' id='word_1_62' title='bbox 124 1058 264 1137; x_wconf 78' lang='lat' dir='ltr'><strong>explicare</strong></span> <span class='ocrx_word' id='word_1_63' title='bbox 276 1059 427 1139; x_wconf 88' lang='lat' dir='ltr'><strong>possimus.</strong></span> <span class='ocrx_word' id='word_1_64' title='bbox 469 1060 566 1135; x_wconf 78' lang='lat' dir='ltr'><strong>Quare</strong></span> <span class='ocrx_word' id='word_1_65' title='bbox 580 1064 720 1137; x_wconf 84' lang='lat' dir='ltr'><strong>quantum</strong></span> <span class='ocrx_word' id='word_1_66' title='bbox 733 1063 816 1136; x_wconf 87' lang='lat' dir='ltr'><strong>potes</strong></span> <span class='ocrx_word' id='word_1_67' title='bbox 830 1058 943 1139; x_wconf 82' lang='lat' dir='ltr'><strong>adjuva.</strong></span> <span class='ocrx_word' id='word_1_68' title='bbox 976 1057 1044 1134; x_wconf 76' lang='lat' dir='ltr'><strong>Quid</strong></span> 
     </span>
     <span class='ocr_line' id='line_1_10' title="bbox 123 1148 1044 1230; baseline 0 -22"><span class='ocrx_word' id='word_1_69' title='bbox 123 1156 221 1209; x_wconf 88' lang='lat' dir='ltr'><strong>autem</strong></span> <span class='ocrx_word' id='word_1_70' title='bbox 236 1151 329 1230; x_wconf 83' lang='lat' dir='ltr'><strong>possis</strong></span> <span class='ocrx_word' id='word_1_71' title='bbox 346 1151 417 1211; x_wconf 91' lang='lat' dir='ltr'><strong>mihi</strong></span> <span class='ocrx_word' id='word_1_72' title='bbox 434 1150 466 1210; x_wconf 90' lang='lat' dir='ltr'><strong>in</strong></span> <span class='ocrx_word' id='word_1_73' title='bbox 487 1156 614 1211; x_wconf 79' lang='lat' dir='ltr'><strong>mentem</strong></span> <span class='ocrx_word' id='word_1_74' title='bbox 635 1170 696 1210; x_wconf 92' lang='lat' dir='ltr'><strong>non</strong></span> <span class='ocrx_word' id='word_1_75' title='bbox 707 1149 796 1209; x_wconf 84' lang='lat' dir='ltr'><strong>venit.</strong></span> <span class='ocrx_word' id='word_1_76' title='bbox 836 1149 877 1210; x_wconf 94' lang='lat' dir='ltr'><strong>In</strong></span> <span class='ocrx_word' id='word_1_77' title='bbox 889 1150 965 1210; x_wconf 85' lang='lat' dir='ltr'><strong>viam</strong></span> <span class='ocrx_word' id='word_1_78' title='bbox 978 1148 1044 1229; x_wconf 91' lang='lat' dir='ltr'><strong>quod</strong></span> 
     </span>
     <span class='ocr_line' id='line_1_11' title="bbox 123 1241 1043 1322; baseline -0.002 -22"><span class='ocrx_word' id='word_1_79' title='bbox 123 1247 154 1301; x_wconf 90' lang='lat' dir='ltr'><strong>te</strong></span> <span class='ocrx_word' id='word_1_80' title='bbox 168 1242 219 1302; x_wconf 90' lang='lat' dir='ltr'><strong>des</strong></span> <span class='ocrx_word' id='word_1_81' title='bbox 231 1243 286 1302; x_wconf 90' lang='lat' dir='ltr'><strong>hoo</strong></span> <span class='ocrx_word' id='word_1_82' title='bbox 303 1248 432 1322; x_wconf 90' lang='lat' dir='ltr'><strong>tempore</strong></span> <span class='ocrx_word' id='word_1_83' title='bbox 451 1241 525 1301; x_wconf 87' lang='lat' dir='ltr'>nihil</span> <span class='ocrx_word' id='word_1_84' title='bbox 542 1246 605 1302; x_wconf 84' lang='lat' dir='ltr'><strong>est:</strong></span> <span class='ocrx_word' id='word_1_85' title='bbox 626 1246 657 1301; x_wconf 92' lang='lat' dir='ltr'><strong>et</strong></span> <span class='ocrx_word' id='word_1_86' title='bbox 677 1241 796 1320; x_wconf 83' lang='lat' dir='ltr'><strong>longum</strong></span> <span class='ocrx_word' id='word_1_87' title='bbox 816 1247 864 1301; x_wconf 87' lang='lat' dir='ltr'><strong>est</strong></span> <span class='ocrx_word' id='word_1_88' title='bbox 880 1241 940 1302; x_wconf 76' lang='lat' dir='ltr'><strong>ibor</strong></span> <span class='ocrx_word' id='word_1_89' title='bbox 952 1247 982 1301; x_wconf 91' lang='lat' dir='ltr'><strong>et</strong></span> <span class='ocrx_word' id='word_1_90' title='bbox 994 1260 1043 1300; x_wconf 90' lang='lat' dir='ltr'><strong>non</strong></span> 
     </span>
     <span class='ocr_line' id='line_1_12' title="bbox 123 1332 1043 1412; baseline 0 -21"><span class='ocrx_word' id='word_1_91' title='bbox 123 1338 240 1395; x_wconf 86' lang='lat' dir='ltr'><strong>tutum:</strong></span> <span class='ocrx_word' id='word_1_92' title='bbox 269 1340 300 1394; x_wconf 89' lang='lat' dir='ltr'><strong>et</strong></span> <span class='ocrx_word' id='word_1_93' title='bbox 322 1354 382 1393; x_wconf 93' lang='lat' dir='ltr'><strong>non</strong></span> <span class='ocrx_word' id='word_1_94' title='bbox 403 1333 486 1393; x_wconf 88' lang='lat' dir='ltr'><strong>rideo</strong></span> <span class='ocrx_word' id='word_1_95' title='bbox 509 1333 579 1412; x_wconf 91' lang='lat' dir='ltr'><strong>quid</strong></span> <span class='ocrx_word' id='word_1_96' title='bbox 603 1332 738 1411; x_wconf 83' lang='lat' dir='ltr'>prodesse</span> <span class='ocrx_word' id='word_1_97' title='bbox 763 1332 859 1410; x_wconf 92' lang='lat' dir='ltr'><strong>possis</strong></span> <span class='ocrx_word' id='word_1_98' title='bbox 886 1333 913 1394; x_wconf 92' lang='lat' dir='ltr'><strong>si</strong></span> <span class='ocrx_word' id='word_1_99' title='bbox 933 1332 1043 1394; x_wconf 83' lang='lat' dir='ltr'><strong>veneris.</strong></span> 
     </span>
    </p>
   </div>
   <div class='ocr_carea' id='block_1_5' title="bbox 123 1422 820 1506">
    <p class='ocr_par' dir='ltr' id='par_1_5' title="bbox 123 1422 820 1506">
     <span class='ocr_line' id='line_1_13' title="bbox 123 1422 820 1506; baseline -0.003 -20"><span class='ocrx_word' id='word_1_100' title='bbox 123 1425 206 1486; x_wconf 84' lang='lat' dir='ltr'><strong>Vale.</strong></span> <span class='ocrx_word' id='word_1_101' title='bbox 245 1426 283 1486; x_wconf 90' lang='lat' dir='ltr'><strong>D.</strong></span> <span class='ocrx_word' id='word_1_102' title='bbox 298 1427 371 1506; x_wconf 84' lang='lat' dir='ltr'><strong>prid.</strong></span> <span class='ocrx_word' id='word_1_103' title='bbox 386 1426 486 1485; x_wconf 88' lang='lat' dir='ltr'><strong>Nonas</strong></span> <span class='ocrx_word' id='word_1_104' title='bbox 500 1425 641 1484; x_wconf 87' lang='lat' dir='ltr'><strong>Novemb.</strong></span> <span class='ocrx_word' id='word_1_105' title='bbox 655 1422 820 1485; x_wconf 79' lang='lat' dir='ltr'><strong>Brundisio.</strong></span> 
     </span>
    </p>
   </div>
   <div class='ocr_carea' id='block_1_6' title="bbox 139 1540 950 1761">
    <p class='ocr_par' dir='ltr' id='par_1_6' title="bbox 139 1540 950 1761">
     <span class='ocr_line' id='line_1_14' title="bbox 139 1540 950 1641; baseline -0.002 0"><span class='ocrx_word' id='word_1_106' title='bbox 139 1624 141 1628; x_wconf 88' lang='lat'>.</span> <span class='ocrx_word' id='word_1_107' title='bbox 227 1585 256 1640; x_wconf 74' lang='lat' dir='ltr'><strong>a.</strong></span> <span class='ocrx_word' id='word_1_108' title='bbox 280 1578 459 1641; x_wconf 77' lang='lat' dir='ltr'><strong>nunnius</strong></span> <span class='ocrx_word' id='word_1_109' title='bbox 480 1540 714 1638; x_wconf 77' lang='lat' dir='ltr'><strong>rusurriin</strong></span> <span class='ocrx_word' id='word_1_110' title='bbox 734 1577 842 1638; x_wconf 75' lang='lat' dir='ltr'><strong>suin</strong></span> <span class='ocrx_word' id='word_1_111' title='bbox 862 1579 891 1638; x_wconf 80' lang='lat' dir='ltr'><strong>s,</strong></span> <span class='ocrx_word' id='word_1_112' title='bbox 911 1580 950 1639; x_wconf 86' lang='lat' dir='ltr'><strong>n.</strong></span> 
     </span>
     <span class='ocr_line' id='line_1_15' title="bbox 393 1681 786 1761; baseline -0.005 -18"><span class='ocrx_word' id='word_1_113' title='bbox 393 1685 471 1761; x_wconf 80' lang='lat' dir='ltr'><strong>(nr.</strong></span> <span class='ocrx_word' id='word_1_114' title='bbox 488 1684 534 1742; x_wconf 88' lang='grc'><strong>19.</strong></span> <span class='ocrx_word' id='word_1_115' title='bbox 574 1699 604 1742; x_wconf 79' lang='lat' dir='ltr'><strong>A.</strong></span> <span class='ocrx_word' id='word_1_116' title='bbox 618 1700 648 1741; x_wconf 86' lang='lat' dir='ltr'><strong>n.</strong></span> <span class='ocrx_word' id='word_1_117' title='bbox 664 1699 689 1742; x_wconf 89' lang='lat' dir='ltr'><strong>o.</strong></span> <span class='ocrx_word' id='word_1_118' title='bbox 705 1681 786 1759; x_wconf 84' lang='grc'><strong>706.)</strong></span> 
     </span>
    </p>
   </div>
   <div class='ocr_carea' id='block_1_7' title="bbox 123 1786 1051 2490">
    <p class='ocr_par' dir='ltr' id='par_1_7' title="bbox 123 1786 1051 2490">
     <span class='ocr_line' id='line_1_16' title="bbox 123 1786 1046 1847; baseline 0.001 -1"><span class='ocrx_word' id='word_1_119' title='bbox 123 1789 163 1846; x_wconf 91' lang='lat' dir='ltr'><strong>In</strong></span> <span class='ocrx_word' id='word_1_120' title='bbox 175 1786 305 1846; x_wconf 87' lang='lat' dir='ltr'><strong>maximis</strong></span> <span class='ocrx_word' id='word_1_121' title='bbox 325 1787 396 1846; x_wconf 90' lang='lat' dir='ltr'><strong>meis</strong></span> <span class='ocrx_word' id='word_1_122' title='bbox 410 1786 556 1847; x_wconf 91' lang='lat' dir='ltr'><strong>doloribus</strong></span> <span class='ocrx_word' id='word_1_123' title='bbox 575 1786 719 1846; x_wconf 82' lang='lat' dir='ltr'><strong>excruciat</strong></span> <span class='ocrx_word' id='word_1_124' title='bbox 736 1805 782 1846; x_wconf 90' lang='lat' dir='ltr'><strong>me</strong></span> <span class='ocrx_word' id='word_1_125' title='bbox 795 1786 931 1846; x_wconf 85' lang='lat' dir='ltr'><strong>valetudo</strong></span> <span class='ocrx_word' id='word_1_126' title='bbox 944 1786 1046 1847; x_wconf 77' lang='lat' dir='ltr'><strong>Tulliae</strong></span> 
     </span>
     <span class='ocr_line' id='line_1_17' title="bbox 123 1877 1047 1958; baseline 0 -22"><span class='ocrx_word' id='word_1_127' title='bbox 123 1883 248 1937; x_wconf 87' lang='lat' dir='ltr'><strong>nostroe.</strong></span> <span class='ocrx_word' id='word_1_128' title='bbox 287 1878 334 1937; x_wconf 90' lang='lat' dir='ltr'><strong>De</strong></span> <span class='ocrx_word' id='word_1_129' title='bbox 347 1898 403 1957; x_wconf 89' lang='lat' dir='ltr'><strong>qua</strong></span> <span class='ocrx_word' id='word_1_130' title='bbox 415 1879 488 1937; x_wconf 90' lang='lat' dir='ltr'><strong>nihil</strong></span> <span class='ocrx_word' id='word_1_131' title='bbox 501 1884 547 1939; x_wconf 91' lang='lat' dir='ltr'><strong>est</strong></span> <span class='ocrx_word' id='word_1_132' title='bbox 560 1877 637 1958; x_wconf 92' lang='lat' dir='ltr'><strong>quod</strong></span> <span class='ocrx_word' id='word_1_133' title='bbox 650 1877 687 1938; x_wconf 90' lang='lat' dir='ltr'><strong>ad</strong></span> <span class='ocrx_word' id='word_1_134' title='bbox 698 1884 730 1938; x_wconf 86' lang='lat' dir='ltr'><strong>te</strong></span> <span class='ocrx_word' id='word_1_135' title='bbox 742 1878 826 1957; x_wconf 90' lang='lat' dir='ltr'><strong>plura</strong></span> <span class='ocrx_word' id='word_1_136' title='bbox 840 1879 981 1953; x_wconf 82' lang='lat' dir='ltr'><strong>scribam3</strong></span> <span class='ocrx_word' id='word_1_137' title='bbox 999 1877 1047 1939; x_wconf 78' lang='lat' dir='ltr'><strong>tibi</strong></span> 
     </span>
     <span class='ocr_line' id='line_1_18' title="bbox 123 1968 1047 2051; baseline 0.002 -23"><span class='ocrx_word' id='word_1_138' title='bbox 123 1968 200 2028; x_wconf 91' lang='lat' dir='ltr'><strong>enim</strong></span> <span class='ocrx_word' id='word_1_139' title='bbox 213 1988 302 2047; x_wconf 89' lang='lat' dir='ltr'><strong>aeque</strong></span> <span class='ocrx_word' id='word_1_140' title='bbox 315 1990 434 2047; x_wconf 87' lang='lat' dir='ltr'><strong>magnae</strong></span> <span class='ocrx_word' id='word_1_141' title='bbox 448 1990 533 2030; x_wconf 84' lang='lat' dir='ltr'><strong>ourae</strong></span> <span class='ocrx_word' id='word_1_142' title='bbox 546 1990 609 2030; x_wconf 86' lang='lat' dir='ltr'><strong>esse</strong></span> <span class='ocrx_word' id='word_1_143' title='bbox 622 1975 701 2030; x_wconf 86' lang='lat' dir='ltr'><strong>oerto</strong></span> <span class='ocrx_word' id='word_1_144' title='bbox 721 1969 789 2029; x_wconf 87' lang='lat' dir='ltr'><strong>seio.</strong></span> <span class='ocrx_word' id='word_1_145' title='bbox 831 1970 919 2046; x_wconf 77' lang='lat' dir='ltr'><strong>Quod</strong></span> <span class='ocrx_word' id='word_1_146' title='bbox 931 1992 978 2033; x_wconf 89' lang='lat' dir='ltr'><strong>me</strong></span> <span class='ocrx_word' id='word_1_147' title='bbox 989 1990 1047 2051; x_wconf 90' lang='lat' dir='ltr'><strong>pro·</strong></span> 
     </span>
     <span class='ocr_line' id='line_1_19' title="bbox 123 2061 1049 2140; baseline 0.002 -21"><span class='ocrx_word' id='word_1_148' title='bbox 123 2062 189 2140; x_wconf 89' lang='lat' dir='ltr'><strong>pins</strong></span> <span class='ocrx_word' id='word_1_149' title='bbox 198 2061 286 2120; x_wconf 82' lang='lat' dir='ltr'><strong>vultis</strong></span> <span class='ocrx_word' id='word_1_150' title='bbox 299 2063 439 2134; x_wconf 81' lang='lat' dir='ltr'><strong>accedere,</strong></span> <span class='ocrx_word' id='word_1_151' title='bbox 449 2062 532 2122; x_wconf 79' lang='lat' dir='ltr'><strong>rideo</strong></span> <span class='ocrx_word' id='word_1_152' title='bbox 543 2061 585 2121; x_wconf 89' lang='lat' dir='ltr'><strong>ita</strong></span> <span class='ocrx_word' id='word_1_153' title='bbox 598 2082 662 2122; x_wconf 86' lang='lat' dir='ltr'><strong>esse</strong></span> <span class='ocrx_word' id='word_1_154' title='bbox 670 2061 843 2121; x_wconf 80' lang='lat' dir='ltr'><strong>faciendum.</strong></span> <span class='ocrx_word' id='word_1_155' title='bbox 877 2063 977 2123; x_wconf 87' lang='lat' dir='ltr'><strong>Etiam</strong></span> <span class='ocrx_word' id='word_1_156' title='bbox 986 2068 1049 2123; x_wconf 86' lang='lat' dir='ltr'><strong>anto</strong></span> 
     </span>
     <span class='ocr_line' id='line_1_20' title="bbox 123 2153 1050 2234; baseline 0.003 -23"><span class='ocrx_word' id='word_1_157' title='bbox 123 2153 261 2225; x_wconf 82' lang='lat' dir='ltr'><strong>fecissem,</strong></span> <span class='ocrx_word' id='word_1_158' title='bbox 273 2154 324 2213; x_wconf 90' lang='lat' dir='ltr'><strong>sed</strong></span> <span class='ocrx_word' id='word_1_159' title='bbox 332 2175 379 2213; x_wconf 91' lang='lat' dir='ltr'><strong>me</strong></span> <span class='ocrx_word' id='word_1_160' title='bbox 392 2155 484 2213; x_wconf 88' lang='lat' dir='ltr'><strong>multa</strong></span> <span class='ocrx_word' id='word_1_161' title='bbox 496 2153 707 2232; x_wconf 88' lang='lat' dir='ltr'><strong>impediverunt</strong></span> <span class='ocrx_word' id='word_1_162' title='bbox 717 2174 789 2232; x_wconf 86' lang='lat' dir='ltr'><strong>quae</strong></span> <span class='ocrx_word' id='word_1_163' title='bbox 798 2174 837 2213; x_wconf 89' lang='lat' dir='ltr'><strong>ne</strong></span> <span class='ocrx_word' id='word_1_164' title='bbox 849 2175 930 2214; x_wconf 89' lang='lat' dir='ltr'><strong>nuno</strong></span> <span class='ocrx_word' id='word_1_165' title='bbox 940 2156 1050 2234; x_wconf 88' lang='lat' dir='ltr'><strong>quidem</strong></span> 
     </span>
     <span class='ocr_line' id='line_1_21' title="bbox 124 2244 1051 2326; baseline 0.005 -24"><span class='ocrx_word' id='word_1_166' title='bbox 124 2244 257 2322; x_wconf 86' lang='lat' dir='ltr'><strong>expedita</strong></span> <span class='ocrx_word' id='word_1_167' title='bbox 274 2251 352 2304; x_wconf 87' lang='lat' dir='ltr'><strong>sunt.</strong></span> <span class='ocrx_word' id='word_1_168' title='bbox 393 2245 449 2305; x_wconf 82' lang='lat' dir='ltr'><strong>Sed</strong></span> <span class='ocrx_word' id='word_1_169' title='bbox 462 2266 480 2305; x_wconf 89' lang='lat' dir='ltr'><strong>a</strong></span> <span class='ocrx_word' id='word_1_170' title='bbox 494 2245 652 2324; x_wconf 92' lang='lat' dir='ltr'><strong>Pomponio</strong></span> <span class='ocrx_word' id='word_1_171' title='bbox 671 2250 805 2324; x_wconf 78' lang='lat' dir='ltr'><strong>exspecto</strong></span> <span class='ocrx_word' id='word_1_172' title='bbox 819 2245 920 2306; x_wconf 79' lang='lat' dir='ltr'><strong>literas</strong></span> <span class='ocrx_word' id='word_1_173' title='bbox 933 2269 1005 2326; x_wconf 90' lang='lat' dir='ltr'><strong>quas</strong></span> <span class='ocrx_word' id='word_1_174' title='bbox 1017 2247 1051 2307; x_wconf 88' lang='lat' dir='ltr'><strong>ad</strong></span> 
     </span>
     <span class='ocr_line' id='line_1_22' title="bbox 123 2337 1050 2421; baseline 0.006 -27"><span class='ocrx_word' id='word_1_175' title='bbox 123 2356 169 2395; x_wconf 88' lang='lat' dir='ltr'><strong>me</strong></span> <span class='ocrx_word' id='word_1_176' title='bbox 188 2338 415 2417; x_wconf 86' lang='lat' dir='ltr'><strong>quamprimum</strong></span> <span class='ocrx_word' id='word_1_177' title='bbox 435 2337 619 2416; x_wconf 84' lang='lat' dir='ltr'><strong>perferendas</strong></span> <span class='ocrx_word' id='word_1_178' title='bbox 640 2357 723 2398; x_wconf 88' lang='lat' dir='ltr'><strong>cures</strong></span> <span class='ocrx_word' id='word_1_179' title='bbox 734 2337 828 2397; x_wconf 84' lang='lat' dir='ltr'><strong>velim.</strong></span> <span class='ocrx_word' id='word_1_180' title='bbox 868 2339 919 2399; x_wconf 90' lang='lat' dir='ltr'><strong>Da</strong></span> <span class='ocrx_word' id='word_1_181' title='bbox 939 2360 1050 2421; x_wconf 85' lang='lat' dir='ltr'><strong>operam</strong></span> 
     </span>
     <span class='ocr_line' id='line_1_23' title="bbox 123 2429 273 2490; baseline 0.013 -4"><span class='ocrx_word' id='word_1_182' title='bbox 123 2433 157 2487; x_wconf 91' lang='lat' dir='ltr'><strong>ut</strong></span> <span class='ocrx_word' id='word_1_183' title='bbox 170 2429 273 2490; x_wconf 86' lang='lat' dir='ltr'><strong>valeus.</strong></span> 
     </span>
    </p>
   </div>
   <div class='ocr_carea' id='block_1_8' title="bbox 98 2557 1053 3517">
    <p class='ocr_par' dir='ltr' id='par_1_8' title="bbox 123 2557 1053 3064">
     <span class='ocr_line' id='line_1_24' title="bbox 155 2557 1052 2620; baseline 0.004 -15"><span class='ocrx_word' id='word_1_184' title='bbox 155 2557 201 2619; x_wconf 64' lang='lat'><strong>12]</strong></span> <span class='ocrx_word' id='word_1_185' title='bbox 235 2558 286 2610; x_wconf 86' lang='lat' dir='ltr'><strong>The</strong></span> <span class='ocrx_word' id='word_1_186' title='bbox 303 2557 500 2609; x_wconf 75' lang='lat' dir='ltr'><strong>abbreviationes</strong></span> <span class='ocrx_word' id='word_1_187' title='bbox 514 2558 571 2606; x_wconf 70' lang='lat' dir='ltr'><strong>‘da</strong></span> <span class='ocrx_word' id='word_1_188' title='bbox 602 2558 762 2620; x_wconf 84' lang='lat' dir='ltr'><strong>beexpresses</strong></span> <span class='ocrx_word' id='word_1_189' title='bbox 777 2557 814 2606; x_wconf 88' lang='lat' dir='ltr'><strong>his</strong></span> <span class='ocrx_word' id='word_1_190' title='bbox 829 2557 891 2607; x_wconf 76' lang='lat' dir='ltr'><strong>seara</strong></span> <span class='ocrx_word' id='word_1_191' title='bbox 905 2559 959 2608; x_wconf 83' lang='lat' dir='ltr'><strong>that</strong></span> <span class='ocrx_word' id='word_1_192' title='bbox 973 2561 1052 2609; x_wconf 81' lang='lat' dir='ltr'><strong>hobas</strong></span> 
     </span>
     <span class='ocr_line' id='line_1_25' title="bbox 123 2621 1053 2687; baseline 0.005 -19"><span class='ocrx_word' id='word_1_193' title='bbox 123 2621 191 2678; x_wconf 85' lang='lat' dir='ltr'><strong>tum‚&#39;</strong></span> <span class='ocrx_word' id='word_1_194' title='bbox 210 2637 237 2668; x_wconf 90' lang='lat' dir='ltr'><strong>or</strong></span> <span class='ocrx_word' id='word_1_195' title='bbox 252 2622 279 2669; x_wconf 82' lang='lat' dir='ltr'><strong>of</strong></span> <span class='ocrx_word' id='word_1_196' title='bbox 293 2622 393 2678; x_wconf 67' lang='lat' dir='ltr'><strong>‘datae&#39;</strong></span> <span class='ocrx_word' id='word_1_197' title='bbox 413 2622 509 2680; x_wconf 74' lang='lat' dir='ltr'><strong>thetis,</strong></span> <span class='ocrx_word' id='word_1_198' title='bbox 530 2623 571 2670; x_wconf 87' lang='lat' dir='ltr'><strong>‘li·</strong></span> <span class='ocrx_word' id='word_1_199' title='bbox 603 2628 646 2670; x_wconf 89' lang='lat' dir='ltr'><strong>not</strong></span> <span class='ocrx_word' id='word_1_200' title='bbox 665 2622 736 2670; x_wconf 81' lang='lat' dir='ltr'><strong>taken</strong></span> <span class='ocrx_word' id='word_1_201' title='bbox 757 2638 772 2669; x_wconf 93' lang='lat' dir='ltr'><strong>a</strong></span> <span class='ocrx_word' id='word_1_202' title='bbox 791 2623 894 2683; x_wconf 76' lang='lat' dir='ltr'><strong>prudent</strong></span> <span class='ocrx_word' id='word_1_203' title='bbox 915 2629 977 2687; x_wconf 83' lang='lat' dir='ltr'><strong>step,</strong></span> <span class='ocrx_word' id='word_1_204' title='bbox 1004 2626 1053 2673; x_wconf 79' lang='lat' dir='ltr'><strong>that</strong></span> 
     </span>
     <span class='ocr_line' id='line_1_26' title="bbox 123 2684 1052 2747; baseline 0.001 -14"><span class='ocrx_word' id='word_1_205' title='bbox 123 2684 202 2742; x_wconf 79' lang='lat' dir='ltr'><strong>terae,’</strong></span> <span class='ocrx_word' id='word_1_206' title='bbox 210 2686 286 2733; x_wconf 83' lang='lat' dir='ltr'><strong>which</strong></span> <span class='ocrx_word' id='word_1_207' title='bbox 296 2687 396 2747; x_wconf 80' lang='lat' dir='ltr'><strong>signifies</strong></span> <span class='ocrx_word' id='word_1_208' title='bbox 406 2686 448 2732; x_wconf 87' lang='lat' dir='ltr'><strong>the</strong></span> <span class='ocrx_word' id='word_1_209' title='bbox 458 2687 515 2733; x_wconf 89' lang='lat' dir='ltr'><strong>time</strong></span> <span class='ocrx_word' id='word_1_210' title='bbox 525 2687 572 2734; x_wconf 87' lang='lat' dir='ltr'><strong>and</strong></span> <span class='ocrx_word' id='word_1_211' title='bbox 602 2685 806 2734; x_wconf 84' lang='lat' dir='ltr'><strong>therewillbeno</strong></span> <span class='ocrx_word' id='word_1_212' title='bbox 823 2688 885 2747; x_wconf 75' lang='lat' dir='ltr'><strong>good</strong></span> <span class='ocrx_word' id='word_1_213' title='bbox 901 2689 983 2737; x_wconf 79' lang='lat' dir='ltr'><strong>result</strong></span> <span class='ocrx_word' id='word_1_214' title='bbox 1016 2689 1052 2736; x_wconf 90' lang='lat' dir='ltr'><strong>He</strong></span> 
     </span>
     <span class='ocr_line' id='line_1_27' title="bbox 123 2749 1052 2814; baseline 0.002 -16"><span class='ocrx_word' id='word_1_215' title='bbox 123 2751 189 2812; x_wconf 83' lang='lat' dir='ltr'><strong>place</strong></span> <span class='ocrx_word' id='word_1_216' title='bbox 206 2756 231 2797; x_wconf 87' lang='lat' dir='ltr'><strong>at</strong></span> <span class='ocrx_word' id='word_1_217' title='bbox 247 2750 323 2797; x_wconf 83' lang='lat' dir='ltr'><strong>which</strong></span> <span class='ocrx_word' id='word_1_218' title='bbox 341 2764 356 2796; x_wconf 91' lang='lat' dir='ltr'><strong>a</strong></span> <span class='ocrx_word' id='word_1_219' title='bbox 369 2749 439 2796; x_wconf 85' lang='lat' dir='ltr'><strong>letter</strong></span> <span class='ocrx_word' id='word_1_220' title='bbox 445 2765 492 2801; x_wconf 83' lang='lat' dir='ltr'><strong>was</strong></span> <span class='ocrx_word' id='word_1_221' title='bbox 503 2751 571 2810; x_wconf 77' lang='lat' dir='ltr'><strong>given</strong></span> <span class='ocrx_word' id='word_1_222' title='bbox 602 2765 654 2812; x_wconf 84' lang='lat' dir='ltr'><strong>says</strong></span> <span class='ocrx_word' id='word_1_223' title='bbox 664 2750 702 2798; x_wconf 81' lang='lat' dir='ltr'><strong>Ad</strong></span> <span class='ocrx_word' id='word_1_224' title='bbox 710 2750 761 2798; x_wconf 84' lang='lat' dir='ltr'><strong>Att.</strong></span> <span class='ocrx_word' id='word_1_225' title='bbox 769 2751 815 2798; x_wconf 85' lang='lat' dir='ltr'><strong>xiv.</strong></span> <span class='ocrx_word' id='word_1_226' title='bbox 825 2752 847 2808; x_wconf 88' lang='lat'><strong>1,</strong></span> <span class='ocrx_word' id='word_1_227' title='bbox 860 2755 875 2779; x_wconf 84' lang='lat'><strong>‘⁴</strong></span> <span class='ocrx_word' id='word_1_228' title='bbox 884 2753 996 2814; x_wconf 86' lang='lat' dir='ltr'><strong>explieari</strong></span> <span class='ocrx_word' id='word_1_229' title='bbox 1005 2769 1052 2801; x_wconf 87' lang='lat' dir='ltr'><strong>rem</strong></span> 
     </span>
     <span class='ocr_line' id='line_1_28' title="bbox 123 2813 754 2876; baseline -0.002 -15"><span class='ocrx_word' id='word_1_230' title='bbox 123 2821 148 2862; x_wconf 85' lang='lat' dir='ltr'><strong>to</strong></span> <span class='ocrx_word' id='word_1_231' title='bbox 159 2815 200 2862; x_wconf 88' lang='lat' dir='ltr'><strong>the</strong></span> <span class='ocrx_word' id='word_1_232' title='bbox 216 2813 386 2870; x_wconf 73' lang='lat' dir='ltr'><strong>letter-narnien,</strong></span> <span class='ocrx_word' id='word_1_233' title='bbox 398 2813 547 2861; x_wconf 84' lang='lat' dir='ltr'><strong>‘tubellarius</strong></span> <span class='ocrx_word' id='word_1_234' title='bbox 556 2813 570 2872; x_wconf 81' lang='lat'><strong>3’</strong></span> <span class='ocrx_word' id='word_1_235' title='bbox 601 2829 650 2861; x_wconf 92' lang='lat' dir='ltr'><strong>non</strong></span> <span class='ocrx_word' id='word_1_236' title='bbox 660 2813 754 2876; x_wconf 86' lang='lat' dir='ltr'><strong>posse.”</strong></span> 
     </span>
     <span class='ocr_line' id='line_1_29' title="bbox 123 2877 1052 2942; baseline 0.005 -18"><span class='ocrx_word' id='word_1_237' title='bbox 123 2880 217 2926; x_wconf 85' lang='lat' dir='ltr'><strong>whence</strong></span> <span class='ocrx_word' id='word_1_238' title='bbox 233 2878 274 2925; x_wconf 89' lang='lat' dir='ltr'><strong>the</strong></span> <span class='ocrx_word' id='word_1_239' title='bbox 291 2877 375 2924; x_wconf 88' lang='lat' dir='ltr'><strong>Italian</strong></span> <span class='ocrx_word' id='word_1_240' title='bbox 390 2878 523 2937; x_wconf 85' lang='lat' dir='ltr'><strong>expression</strong></span> <span class='ocrx_word' id='word_1_241' title='bbox 535 2878 572 2926; x_wconf 85' lang='lat' dir='ltr'><strong>‘la</strong></span> <span class='ocrx_word' id='word_1_242' title='bbox 634 2878 785 2939; x_wconf 74' lang='lat' dir='ltr'><strong>Brundisio]</strong></span> <span class='ocrx_word' id='word_1_243' title='bbox 819 2879 923 2928; x_wconf 78' lang='lat' dir='ltr'><strong>&#39;Pheraia</strong></span> <span class='ocrx_word' id='word_1_244' title='bbox 934 2895 950 2928; x_wconf 82' lang='lat' dir='ltr'><strong>a</strong></span> <span class='ocrx_word' id='word_1_245' title='bbox 959 2880 1052 2942; x_wconf 75' lang='lat' dir='ltr'><strong>reading</strong></span> 
     </span>
     <span class='ocr_line' id='line_1_30' title="bbox 123 2940 1051 3000; baseline 0.006 -12"><span class='ocrx_word' id='word_1_246' title='bbox 123 2942 194 2999; x_wconf 69' lang='lat' dir='ltr'><strong>data*</strong></span> <span class='ocrx_word' id='word_1_247' title='bbox 213 2942 259 2988; x_wconf 84' lang='lat' dir='ltr'><strong>and</strong></span> <span class='ocrx_word' id='word_1_248' title='bbox 274 2941 315 2988; x_wconf 85' lang='lat' dir='ltr'><strong>the</strong></span> <span class='ocrx_word' id='word_1_249' title='bbox 329 2940 426 3000; x_wconf 84' lang='lat' dir='ltr'><strong>English</strong></span> <span class='ocrx_word' id='word_1_250' title='bbox 437 2940 513 2987; x_wconf 67' lang='lat' dir='ltr'><strong>‘date’</strong></span> <span class='ocrx_word' id='word_1_251' title='bbox 524 2942 572 2989; x_wconf 89' lang='lat' dir='ltr'><strong>and</strong></span> <span class='ocrx_word' id='word_1_252' title='bbox 603 2942 735 2990; x_wconf 75' lang='lat' dir='ltr'><strong>Brundisii:</strong></span> <span class='ocrx_word' id='word_1_253' title='bbox 752 2944 796 2991; x_wconf 88' lang='lat' dir='ltr'><strong>but</strong></span> <span class='ocrx_word' id='word_1_254' title='bbox 803 2942 845 2990; x_wconf 84' lang='lat' dir='ltr'><strong>the</strong></span> <span class='ocrx_word' id='word_1_255' title='bbox 851 2943 954 2993; x_wconf 81' lang='lat' dir='ltr'><strong>ablativo</strong></span> <span class='ocrx_word' id='word_1_256' title='bbox 964 2945 1051 2994; x_wconf 82' lang='lat' dir='ltr'><strong>formis</strong></span> 
     </span>
     <span class='ocr_line' id='line_1_31' title="bbox 123 3002 916 3064; baseline 0.006 -12"><span class='ocrx_word' id='word_1_257' title='bbox 123 3006 222 3053; x_wconf 75' lang='lat' dir='ltr'><strong>‘dated’</strong></span> <span class='ocrx_word' id='word_1_258' title='bbox 255 3005 335 3053; x_wconf 90' lang='lat' dir='ltr'><strong>Cioero</strong></span> <span class='ocrx_word' id='word_1_259' title='bbox 352 3018 411 3064; x_wconf 83' lang='lat' dir='ltr'><strong>says,</strong></span> <span class='ocrx_word' id='word_1_260' title='bbox 429 3002 468 3049; x_wconf 84' lang='lat' dir='ltr'><strong>Ad</strong></span> <span class='ocrx_word' id='word_1_261' title='bbox 483 3005 512 3057; x_wconf 73' lang='lat' dir='ltr'>Q</span> <span class='ocrx_word' id='word_1_262' title='bbox 531 3005 570 3053; x_wconf 76' lang='lat' dir='ltr'><strong>ur.</strong></span> <span class='ocrx_word' id='word_1_263' title='bbox 601 3006 916 3057; x_wconf 81' lang='lat' dir='ltr'><strong>mostusedinsuchooses.</strong></span> 
     </span>
    </p>

    <p class='ocr_par' dir='ltr' id='par_1_9' title="bbox 122 3067 1050 3326">
     <span class='ocr_line' id='line_1_32' title="bbox 122 3067 1050 3134; baseline 0.005 -18"><span class='ocrx_word' id='word_1_264' title='bbox 122 3071 146 3116; x_wconf 91' lang='lat' dir='ltr'><strong>ii.</strong></span> <span class='ocrx_word' id='word_1_265' title='bbox 169 3073 205 3126; x_wconf 82' lang='lat' dir='ltr'><strong>lb,</strong></span> <span class='ocrx_word' id='word_1_266' title='bbox 223 3069 323 3130; x_wconf 86' lang='lat' dir='ltr'><strong>“aceepi</strong></span> <span class='ocrx_word' id='word_1_267' title='bbox 341 3072 394 3114; x_wconf 74' lang='lat' dir='ltr'><strong>tuas</strong></span> <span class='ocrx_word' id='word_1_268' title='bbox 409 3067 488 3115; x_wconf 75' lang='lat' dir='ltr'><strong>literas</strong></span> <span class='ocrx_word' id='word_1_269' title='bbox 505 3069 571 3118; x_wconf 85' lang='lat' dir='ltr'><strong>datas</strong></span> <span class='ocrx_word' id='word_1_270' title='bbox 634 3072 657 3118; x_wconf 77' lang='lat'><strong>4.</strong></span> <span class='ocrx_word' id='word_1_271' title='bbox 678 3071 887 3134; x_wconf 67' lang='lat' dir='ltr'><strong>Quod-propias]</strong></span> <span class='ocrx_word' id='word_1_272' title='bbox 920 3072 1050 3122; x_wconf 80' lang='lat' dir='ltr'><strong>Thislettor</strong></span> 
     </span>
     <span class='ocr_line' id='line_1_33' title="bbox 123 3130 1049 3195; baseline 0.006 -16"><span class='ocrx_word' id='word_1_273' title='bbox 123 3132 274 3190; x_wconf 85' lang='lat' dir='ltr'><strong>Plaoentia;”</strong></span> <span class='ocrx_word' id='word_1_274' title='bbox 298 3132 344 3179; x_wconf 88' lang='lat' dir='ltr'><strong>and</strong></span> <span class='ocrx_word' id='word_1_275' title='bbox 362 3130 400 3178; x_wconf 81' lang='lat' dir='ltr'><strong>Ad</strong></span> <span class='ocrx_word' id='word_1_276' title='bbox 418 3130 469 3177; x_wconf 84' lang='lat' dir='ltr'><strong>Att.</strong></span> <span class='ocrx_word' id='word_1_277' title='bbox 487 3133 518 3180; x_wconf 82' lang='lat' dir='ltr'><strong>xi.</strong></span> <span class='ocrx_word' id='word_1_278' title='bbox 533 3134 569 3191; x_wconf 82' lang='lat'><strong>17,</strong></span> <span class='ocrx_word' id='word_1_279' title='bbox 601 3148 647 3180; x_wconf 79' lang='lat' dir='ltr'><strong>vas</strong></span> <span class='ocrx_word' id='word_1_280' title='bbox 658 3135 751 3182; x_wconf 72' lang='lat' dir='ltr'><strong>written</strong></span> <span class='ocrx_word' id='word_1_281' title='bbox 763 3134 1049 3195; x_wconf 81' lang='lat' dir='ltr'><strong>fromBrnndisium,be·</strong></span> 
     </span>
     <span class='ocr_line' id='line_1_34' title="bbox 124 3194 1048 3259; baseline 0.004 -17"><span class='ocrx_word' id='word_1_282' title='bbox 124 3196 324 3259; x_wconf 80' lang='lat' dir='ltr'><strong>“properantibus</strong></span> <span class='ocrx_word' id='word_1_283' title='bbox 345 3194 469 3244; x_wconf 86' lang='lat' dir='ltr'><strong>tabellariis</strong></span> <span class='ocrx_word' id='word_1_284' title='bbox 490 3197 570 3247; x_wconf 82' lang='lat' dir='ltr'><strong>alienia</strong></span> <span class='ocrx_word' id='word_1_285' title='bbox 601 3197 651 3244; x_wconf 84' lang='lat' dir='ltr'><strong>foro</strong></span> <span class='ocrx_word' id='word_1_286' title='bbox 671 3198 749 3247; x_wconf 84' lang='lat' dir='ltr'><strong>Tullia</strong></span> <span class='ocrx_word' id='word_1_287' title='bbox 767 3214 840 3256; x_wconf 88' lang='lat' dir='ltr'><strong>oame,</strong></span> <span class='ocrx_word' id='word_1_288' title='bbox 861 3200 938 3249; x_wconf 86' lang='lat' dir='ltr'><strong>ifthe</strong></span> <span class='ocrx_word' id='word_1_289' title='bbox 959 3200 1048 3248; x_wconf 83' lang='lat' dir='ltr'><strong>datoia</strong></span> 
     </span>
     <span class='ocr_line' id='line_1_35' title="bbox 122 3258 1048 3326; baseline 0.004 -20"><span class='ocrx_word' id='word_1_290' title='bbox 122 3260 314 3321; x_wconf 77' lang='lat' dir='ltr'><strong>hancepistolam</strong></span> <span class='ocrx_word' id='word_1_291' title='bbox 322 3258 401 3308; x_wconf 64' lang='lat' dir='ltr'><strong>dedil’</strong></span> <span class='ocrx_word' id='word_1_292' title='bbox 601 3261 687 3324; x_wconf 80' lang='lat' dir='ltr'><strong>rightly</strong></span> <span class='ocrx_word' id='word_1_293' title='bbox 698 3263 769 3312; x_wconf 80' lang='lat' dir='ltr'><strong>fixed.</strong></span> <span class='ocrx_word' id='word_1_294' title='bbox 803 3264 842 3312; x_wconf 85' lang='lat' dir='ltr'><strong>lle</strong></span> <span class='ocrx_word' id='word_1_295' title='bbox 855 3265 979 3326; x_wconf 78' lang='lat' dir='ltr'><strong>speaksof</strong></span> <span class='ocrx_word' id='word_1_296' title='bbox 991 3278 1048 3312; x_wconf 88' lang='lat' dir='ltr'><strong>oom-</strong></span> 
     </span>
    </p>

    <p class='ocr_par' dir='ltr' id='par_1_10' title="bbox 108 3323 1047 3453">
     <span class='ocr_line' id='line_1_36' title="bbox 147 3323 1047 3388; baseline 0.004 -15"><span class='ocrx_word' id='word_1_297' title='bbox 147 3327 172 3373; x_wconf 86' lang='lat'><strong>3.</strong></span> <span class='ocrx_word' id='word_1_298' title='bbox 191 3324 249 3372; x_wconf 84' lang='lat' dir='ltr'><strong>This</strong></span> <span class='ocrx_word' id='word_1_299' title='bbox 263 3324 333 3373; x_wconf 85' lang='lat' dir='ltr'><strong>letter</strong></span> <span class='ocrx_word' id='word_1_300' title='bbox 346 3337 392 3371; x_wconf 83' lang='lat' dir='ltr'><strong>was</strong></span> <span class='ocrx_word' id='word_1_301' title='bbox 403 3323 495 3373; x_wconf 84' lang='lat' dir='ltr'><strong>written</strong></span> <span class='ocrx_word' id='word_1_302' title='bbox 506 3339 570 3386; x_wconf 85' lang='lat' dir='ltr'><strong>upon</strong></span> <span class='ocrx_word' id='word_1_303' title='bbox 600 3326 642 3388; x_wconf 79' lang='lat' dir='ltr'><strong>ing</strong></span> <span class='ocrx_word' id='word_1_304' title='bbox 663 3342 744 3376; x_wconf 77' lang='lat' dir='ltr'><strong>neerei·</strong></span> <span class='ocrx_word' id='word_1_305' title='bbox 764 3333 790 3376; x_wconf 91' lang='lat' dir='ltr'><strong>to</strong></span> <span class='ocrx_word' id='word_1_306' title='bbox 813 3328 897 3386; x_wconf 83' lang='lat' dir='ltr'><strong>Rome,</strong></span> <span class='ocrx_word' id='word_1_307' title='bbox 915 3344 943 3376; x_wconf 85' lang='lat' dir='ltr'><strong>as</strong></span> <span class='ocrx_word' id='word_1_308' title='bbox 960 3328 1047 3376; x_wconf 69' lang='lat' dir='ltr'><strong>Auru·</strong></span> 
     </span>
     <span class='ocr_line' id='line_1_37' title="bbox 108 3387 1046 3453; baseline 0.004 -17"><span class='ocrx_word' id='word_1_309' title='bbox 108 3387 214 3438; x_wconf 76' lang='lat' dir='ltr'><strong>Cicero’s</strong></span> <span class='ocrx_word' id='word_1_310' title='bbox 232 3395 319 3439; x_wconf 84' lang='lat' dir='ltr'><strong>return</strong></span> <span class='ocrx_word' id='word_1_311' title='bbox 337 3393 364 3439; x_wconf 94' lang='lat' dir='ltr'><strong>to</strong></span> <span class='ocrx_word' id='word_1_312' title='bbox 380 3389 453 3453; x_wconf 76' lang='lat' dir='ltr'><strong>ltuly,</strong></span> <span class='ocrx_word' id='word_1_313' title='bbox 464 3389 524 3438; x_wconf 79' lang='lat' dir='ltr'><strong>aiter</strong></span> <span class='ocrx_word' id='word_1_314' title='bbox 533 3389 576 3438; x_wconf 84' lang='lat' dir='ltr'><strong>the</strong></span> <span class='ocrx_word' id='word_1_315' title='bbox 607 3388 671 3452; x_wconf 58' lang='lat' dir='ltr'><strong>inho</strong></span> <span class='ocrx_word' id='word_1_316' title='bbox 684 3392 709 3438; x_wconf 80' lang='lat' dir='ltr'><strong>&#39;u</strong></span> <span class='ocrx_word' id='word_1_317' title='bbox 720 3391 874 3452; x_wconf 67' lang='lat' dir='ltr'><strong>Eomponiusl</strong></span> <span class='ocrx_word' id='word_1_318' title='bbox 890 3391 1046 3442; x_wconf 75' lang='lat' dir='ltr'><strong>advisedhim</strong></span> 
     </span>
    </p>

    <p class='ocr_par' dir='ltr' id='par_1_11' title="bbox 98 3450 833 3517">
     <span class='ocr_line' id='line_1_38' title="bbox 98 3450 833 3517; baseline -0.003 -18"><span class='ocrx_word' id='word_1_319' title='bbox 98 3450 180 3504; x_wconf 75' lang='lat' dir='ltr'><strong>battle</strong></span> <span class='ocrx_word' id='word_1_320' title='bbox 198 3455 231 3504; x_wconf 85' lang='lat' dir='ltr'><strong>of</strong></span> <span class='ocrx_word' id='word_1_321' title='bbox 245 3456 381 3517; x_wconf 73' lang='lat' dir='ltr'><strong>Pharsalia,</strong></span> <span class='ocrx_word' id='word_1_322' title='bbox 402 3461 455 3506; x_wconf 70' lang='lat' dir='ltr'><strong>ud.</strong></span> <span class='ocrx_word' id='word_1_323' title='bbox 472 3458 520 3514; x_wconf 70' lang='lat'><strong>483</strong></span> <span class='ocrx_word' id='word_1_324' title='bbox 535 3455 584 3504; x_wconf 85' lang='lat' dir='ltr'><strong>and</strong></span> <span class='ocrx_word' id='word_1_325' title='bbox 618 3454 656 3503; x_wconf 74' lang='lat' dir='ltr'><strong>hd</strong></span> <span class='ocrx_word' id='word_1_326' title='bbox 667 3454 833 3506; x_wconf 52' lang='lat' dir='ltr'><strong>humi-bn.</strong></span> 
     </span>
    </p>
   </div>
   <div class='ocr_carea' id='block_1_9' title="bbox 0 0 1092 3764">
    <p class='ocr_par' dir='ltr' id='par_1_12' title="bbox 0 0 1092 3764">
     <span class='ocr_line' id='line_1_39' title="bbox 0 0 1092 3764; baseline 0 0"><span class='ocrx_word' id='word_1_327' title='bbox 0 0 1092 3764; x_wconf 95' lang='lat' dir='ltr'><strong> </strong></span> 
     </span>
    </p>
   </div>
  </div>
 </body>
</html>
