2174 3764
386 168 474 231 cAP.
494 170 581 232 XIV.
602 171 671 232 XV.
952 174 991 231 41

48 330 94 390 his
106 327 216 390 studiis
235 329 395 407 flagrantes
412 349 495 388 senes
512 330 646 389 vidimus.
687 329 733 388 M.
747 348 814 388 vero
830 328 992 407 Cethegum

48 444 136 502 quem
149 430 231 482 recte
247 421 362 480 Sundce
375 422 528 481 medullam
549 422 622 480 dixit
636 421 759 494 Ennius,
771 428 880 500 quanto
894 421 991 480 studio

48 516 177 576 exerceri
189 516 224 574 in
238 514 363 574 dicendo
376 514 542 574 videbamus
561 514 648 572 etiam
667 516 783 573 senem!
825 515 907 589 Quae
920 518 991 573 sunt

48 607 143 684 igitur
151 607 308 686 epularum
318 610 369 664 cut
378 605 512 664 ludorum
521 610 572 664 aut
581 610 741 663 scortorum
751 605 915 684 voluptates
923 625 990 664 cum

50 698 96 758 his
108 697 314 777 voluptatibus
327 697 555 775 comparandae?
576 698 675 773 Atque
689 697 758 756 haec
768 698 880 776 quidem
894 697 991 758 studia

51 789 209 849 doctrinae.
252 789 338 863 Quae
357 788 471 864 quidem
490 788 683 867 prudentibus
703 793 733 846 et
753 789 827 848 bene
844 789 990 848 institutis

51 881 161 958 pariter
173 900 241 940 cum
255 885 353 939 aetate
366 885 508 953 crescunt,
518 886 554 939 ut
567 880 723 960 honestum
732 881 804 940 illud
815 882 927 942 Solonis
942 882 989 954 sit,
1011 880 1052 939 c1'
1064 896 1077 911 '¹

52 972 130 1049 quod
144 972 185 1031 ait
197 972 341 1031 versiculo
354 972 485 1050 quodam,
496 978 609 1031 utente
620 972 687 1044 dixi,
699 993 846 1033 senescere
857 994 888 1033 se
897 975 990 1034 multe

53 1061 85 1121 in
94 1063 156 1123 dies
165 1064 364 1123 addiscentem
373 1089 381 1137 ;
394 1084 451 1142 qua
460 1064 608 1143 voluptate
619 1064 707 1123 animi
717 1066 797 1124 nulla
805 1072 883 1125 certe
891 1073 990 1147 potest

55 1175 118 1214 esse
131 1157 229 1235 major.
1022 1186 1038 1219 o

93 1248 162 1307 XV.
183 1251 231 1307 51.
246 1246 344 1307 Venio
356 1266 436 1305 nnnc
449 1246 486 1305 ad
502 1247 667 1326 voluptates
681 1248 870 1325 agricolarum
884 1248 989 1325 quibus

58 1356 109 1414 ego
132 1338 341 1398 incredibiliter
364 1338 498 1410 delector,
526 1358 599 1416 quae
625 1358 679 1398 nec
705 1340 765 1397 ulln
791 1339 990 1417 ‚impediuntur

60 1436 205 1489 senectute
229 1436 261 1489 et
283 1429 354 1488 mihi
374 1428 411 1488 ad
435 1429 573 1507 sepientis
596 1429 685 1489 vitam
706 1430 835 1509 proxime
853 1430 990 1490 videntur

62 1522 194 1582 miore.
216 1522 341 1581 Habent
351 1520 429 1580 enim
438 1521 580 1580 rationem
589 1541 656 1580 cum
666 1527 745 1580 terra
755 1542 827 1600 quae
840 1542 989 1601 nunquam

63 1618 167 1673 tecuam
188 1613 354 1693 imperium,
374 1632 428 1671 nec
450 1632 579 1691 unquam
603 1613 666 1671 sine
685 1634 775 1672 usura
797 1613 893 1672 reddit
913 1614 990 1692 quod

65 1707 170 1785 recepit,
184 1707 238 1767 sed
257 1706 329 1765 elias
348 1704 468 1777 minore,
481 1705 650 1783 plerumque
669 1705 777 1783 majore
797 1725 863 1764 cum
880 1705 988 1766 fenore.

67 1794 236 1878 Quanquam
248 1816 296 1857 me
306 1796 422 1876 quidem
435 1817 495 1856 non
507 1796 621 1856 fructus
634 1798 719 1857 modo
733 1798 784 1857 sed
799 1798 887 1857 etiam
896 1799 989 1879 ipsius

66 1892 147 1949 terroe
157 1890 202 1950 vis
215 1910 251 1950 ec
263 1894 371 1948 natura
388 1888 532 1960 delectat;
552 1908 625 1967 quse
638 1909 728 1967 quum
748 1890 857 1966 gremio
877 1891 989 1963 mollito

66 1996 95 2038 sc
103 1982 219 2067 subracto
232 2001 366 2061 sparsum
380 2000 479 2040 semen
491 1980 612 2060 excepit,
624 1981 749 2060 primum
761 1981 792 2040 id
805 1954 989 2041 oceob'ce‘tum
1010 2012 1018 2029 ‹

67 2070 174 2148 cohibet,
195 2094 233 2135 ex
255 2093 314 2153 quo
335 2073 444 2132 occatio
469 2093 542 2151 quse
565 2072 619 2131 hoc
641 2072 729 2131 efficit
752 2073 901 2132 nominata
924 2078 989 2146 est;

67 2160 155 2227 deinde
177 2164 360 2247 tepefactum
371 2183 476 2243 vapore
497 2170 528 2223 et
550 2183 716 2242 compressu
738 2184 791 2223 suo
811 2164 937 2245 diffindit
957 2171 988 2224 et

66 2252 132 2317 eicit
146 2258 368 2319 herbescentem
386 2276 423 2317 ex
442 2275 477 2315 ec
498 2255 690 2328 viriditatem
720 2275 794 2334 quae
819 2255 888 2315 nixa
906 2256 987 2316 fibris

163 2490 270 2549 rctding.
286 2487 364 2535 Tbere
373 2488 394 2534 is
404 2486 504 2534 another
534 2486 589 2543 und,
597 2486 618 2532 if
626 2487 678 2533 that
688 2485 709 2533 is
718 2487 760 2532 the
768 2487 831 2547 right
840 2487 943 2547 reading.
951 2500 989 2533 we

67 2548 73 2559 ⁰
160 2555 186 2603 in
198 2551 504 2613 ci7‚“atquiegoomnia
534 2550 619 2597 should
634 2551 815 2610 expecttoiind
827 2547 988 2607 ‘cccoecetio,'

67 2610 124 2661 W
535 2620 577 2660 not
588 2615 690 2660 ‘occatio
698 2611 713 2670 ς’
727 2613 774 2659 cnd
785 2614 881 2661 thereis
895 2614 987 2662 anecd·

92 2680 124 2727 lc.
138 2680 260 2742 Nec-et]
288 2678 347 2726 This
357 2679 418 2726 form
429 2677 457 2724 cf
464 2692 504 2724 ex·
535 2677 576 2737 ing
587 2676 744 2723 ‘occoecatic'
766 2676 895 2725 ‘Occc-re'
906 2692 987 2724 menne

67 2742 504 2804 monocenrsagnininthisehnp-
535 2741 688 2801 topulverizc
703 2740 745 2787 the
761 2742 827 2788 earth
841 2741 873 2803 by
884 2742 988 2802 drawing

67 2808 106 2853 tu:
129 2812 198 2857 “nec
218 2808 312 2855 modico
333 2811 415 2868 tepore
433 2810 503 2862 caret,
535 2805 629 2852 hurdles
647 2819 710 2861 over,
728 2819 755 2851 οι·
773 2805 804 2867 by
819 2806 888 2865 using
903 2820 918 2851 a
931 2805 987 2851 rcke

67 2868 106 2915 α’*
534 2883 561 2914 or
577 2869 709 2928 something
725 2869 751 2915 oi
764 2868 806 2915 the
815 2869 888 2915 kind:
906 2873 921 2896 ‘⁶
931 2869 986 2914 Pul-

89 2934 234 2999 hamum]
277 2934 304 2982 Ρ.
322 2933 446 2980 Manutim
468 2932 503 2978 cl·
534 2933 675 2979 ver-ationem
696 2932 786 2979 iaciunt
807 2947 878 2993 quem
902 2935 988 2978 vocent

67 2996 118 3047 tais
133 3000 182 3049 fluis
198 2999 253 3047 MS.
266 2998 364 3058 reading
378 2998 430 3044 into
446 2997 503 3043 ‘im-
534 2997 616 3043 rustici
641 2996 792 3052 occationem,
814 3010 887 3057 quum
910 2996 987 3042 omnis

67 3062 162 3119 tudun
170 3063 187 3123 ς’
202 3063 249 3111 bnt
263 3061 435 3123 injudiciously,
452 3060 503 3108 esi
535 3060 602 3120 gleba
616 3059 641 3105 in
651 3059 724 3106 vineis
734 3059 869 3118 refringitur
879 3063 903 3105 et
913 3058 986 3104 resol-

66 3122 129 3175 lfflk.
535 3124 598 3170 vitur
612 3124 637 3169 in
658 3122 803 3183 pulverem.”
832 3122 935 3181 (Colum.
953 3122 986 3169 xi.

91 3189 253 3252 mann]
281 3188 351 3236 Some
361 3187 433 3235 MSS.
445 3186 504 3234 have
535 3186 569 3249 2.)
602 3186 684 3234 Cicero
699 3186 823 3247 mcyhsve
837 3185 987 3233 intendedtc

67 3252 191 3303 ‘mmm’
214 3251 504 3312 ‘Obcoeccri'iscpplied
534 3252 586 3310 give
612 3250 653 3296 the
679 3250 813 3310 etymology
839 3248 866 3295 oi
891 3248 986 3306 ‘ocem’

66 3309 237 3376 becumen·
257 3316 293 3379 (ii.
315 3315 342 3376 2)
363 3321 389 3363 to
406 3314 504 3362 covered
534 3313 578 3361 bnt
596 3313 616 3360 ii
630 3313 661 3358 he
677 3312 725 3369 did,
743 3313 774 3359 he
790 3327 838 3360 was
858 3327 886 3360 es
900 3327 990 3359 unauc-

65 3376 138 3441 ΜΝ,
155 3396 182 3430 u
197 3380 302 3465 opposed
317 3386 342 3426 to
361 3378 501 3440 ‘petentem'
533 3379 620 3428 cessful
643 3394 669 3427 as
689 3378 730 3426 his
752 3384 916 3441 eountrgmen
935 3377 1010 3425 osen

65 3442 124 3501 ’Ψ
131 3444 216 3491 dudm·
256 3442 403 3491 ‘Occoecsrc
413 3442 421 3467 '
430 3450 500 3495 must
531 3461 595 3496 were
607 3447 636 3495 in
647 3446 709 3495 such
721 3452 853 3509 attempta.
