2174 3764
269 179 328 241 ln
350 180 552 256 curarum
571 181 777 241 raarann
929 187 985 245 res

56 339 166 400 factum
178 343 236 413 est,
246 337 358 398 meritis
369 338 430 398 tuis
439 339 646 413 tribuerentur,
657 339 852 399 existimabam
865 342 985 402 multam

57 432 109 492 tibi
133 431 176 491 in-
195 431 234 491 iis
259 431 416 491 honoribus
441 431 559 491 tuendis
586 451 701 510 operam
726 451 790 491 ease
815 433 985 511 ponendam.

60 523 154 600 Quare
176 523 315 603 quoniam
334 522 367 582 in
389 521 453 582 istis
474 523 595 582 urbibus
613 542 679 582 cum
697 543 808 582 summo
823 524 942 602 imperio
956 530 986 583 et

60 619 204 694 potestate
217 613 348 687 versaris,
360 613 393 673 in
410 614 515 692 quibus
534 619 601 673 tuas
620 614 743 674 virtutes
764 622 942 675 consecratas
956 621 987 674 et

60 705 89 766 in
101 707 223 767 deorum
235 725 356 765 numero
368 706 520 766 collocatas
532 706 620 780 vides,
628 705 661 764 in
671 706 803 765 omnibus
816 707 902 766 rebus
916 727 986 786 quas

62 804 178 872 statrms,
201 818 272 877 quas
293 797 437 872 decernes,
458 817 529 877 quas
549 817 625 875 ages,
646 797 715 876 quid
733 798 825 856 tantis
838 799 986 858 hominum

63 890 251 968 opinionibus,
264 888 357 948 tantis
371 888 406 947 de
419 893 449 948 te
459 884 583 968 judiciis,
596 889 687 948 tantis
705 889 861 949 honoribus
874 890 985 963 debeas,

10 986 12 993 '
62 981 206 1060 cogitabis.
246 980 285 1040 Id
304 985 401 1040 autem
420 980 475 1039 erit
493 980 632 1060 ejusmodi
644 986 679 1039 ut
693 968 824 1044 considas
845 982 986 1055 omnibus,

62 1079 93 1132 nt
104 1074 238 1134 medeare
255 1066 442 1132 incommodis
461 1072 617 1145 hominum,
637 1072 786 1150 provideas
799 1072 894 1145 saluti,
907 1078 943 1131 ut
955 1079 986 1132 te

63 1170 209 1247 parentem
221 1164 311 1224 Asiae
325 1168 356 1223 et
370 1163 426 1222 dici
438 1169 468 1221 et
481 1163 580 1223 haberi
594 1164 673 1223 velis.

95 1259 152 1318 XI.
186 1261 235 1317 32.
265 1257 365 1334 Atque
378 1254 445 1314 huic
458 1260 526 1314 tuae
539 1255 682 1315 voluntati
694 1275 727 1314 ac
737 1254 902 1332 diligentiae
915 1254 985 1313 diffi.

64 1350 197 1410 cultatem
217 1367 350 1426 magnam
370 1348 494 1407 afferunt
514 1347 668 1425 publicani,
688 1347 791 1426 quibus
812 1346 837 1405 si
857 1346 985 1406 adversa·

64 1460 128 1517 mur,
142 1440 276 1502 ordinem
290 1439 325 1499 de
337 1439 421 1498 nobis
435 1439 542 1517 optime
556 1439 691 1499 meritum
704 1444 734 1498 et
746 1458 799 1518 per
808 1458 861 1497 nos
875 1458 941 1497 cum
953 1459 985 1498 re

63 1534 170 1611 publica
184 1532 372 1611 conjunctum
386 1534 416 1589 et
429 1551 448 1589 a
458 1530 543 1590 nobis
556 1536 587 1589 et
600 1550 658 1589 are
670 1530 785 1609 publica
795 1529 984 1609 dijungemus.

64 1623 108 1684 din
128 1628 228 1684 autem
251 1622 385 1681 omnibus
406 1622 438 1684 in
458 1622 545 1681 rebus
566 1622 764 1701 obsequemur,
785 1621 918 1682 funditus
936 1643 984 1682 eos

62 1715 149 1793 perire
160 1715 307 1795 patiemur
319 1733 441 1793 quorum
461 1734 522 1773 non
540 1714 625 1773 modo
640 1713 727 1773 soluti
740 1714 792 1773 sed
809 1714 896 1772 eham
910 1734 984 1773 com-

63 1808 147 1867 modis
160 1806 313 1867 consulere
327 1805 472 1865 debemus.
512 1806 595 1865 Haec
608 1810 654 1864 est
666 1826 732 1878 una,
747 1805 772 1864 si
785 1825 850 1864 vere
860 1806 984 1883 cogitare

62 1899 196 1971 volumus,
209 1898 243 1956 in
255 1903 320 1956 toto
334 1896 453 1976 imperio
466 1900 519 1956 tuo
533 1897 693 1956 difficultas.
733 1898 765 1956 N
765 1917 811 1956 am
821 1917 884 1957 esse
897 1897 984 1957 absti-

62 1997 181 2063 nentem,
196 1988 345 2050 continere
359 2009 458 2048 omnes
476 1988 656 2067 cupiditates,
676 2009 743 2048 suos
761 2009 898 2062 coercere,
909 1990 984 2068 juris

62 2082 233 2162 aequabilem
242 2086 343 2140 tenere
352 2080 501 2153 rationem,
513 2079 626 2140 facilem
636 2100 666 2138 se
674 2080 706 2138 in
715 2080 802 2139 rebus
813 2100 984 2158 cognoscen-

10 2162 12 2243 ᾗ
61 2171 107 2248 dis,
136 2174 170 2234 in
196 2171 362 2232 hominibus
388 2171 537 2231 audiendis
564 2171 806 2250 admittendisque
838 2173 983 2251 praebere,

85 2361 405 2423 mnmmsmperaaa]
419 2360 505 2409 SeeDe
534 2361 606 2423 ready
621 2361 740 2419 observed,
756 2366 783 2409 to
798 2363 839 2410 the
856 2364 984 2424 ‘equestris

10 2454 12 2465 =
62 2423 180 2475 hold.
197 2425 354 2474 Thesewords
362 2439 455 2487 express
463 2425 504 2472 the
535 2424 608 2481 ordo,'
624 2425 670 2472 and
685 2426 742 2489 they
758 2427 885 2488 supported
903 2426 983 2474 Cicero

10 2502 12 2557 j
62 2491 169 2554 mplstc
186 2489 305 2552 authority
318 2489 345 2537 of
358 2503 503 2550 agevernor.
534 2490 560 2536 in
576 2490 612 2536 his
631 2490 779 2550 proceedings
790 2491 815 2537 in
825 2491 866 2537 the
879 2491 944 2537 affair
959 2491 987 2538 of

10 2584 12 2589 -
61 2552 324 2667 wde'trnlyremarks
334 2553 387 2600 that
401 2553 503 2604 Quintus
535 2553 642 2610 Catilina,
658 2554 736 2601 whose
751 2555 843 2615 designa
858 2555 944 2601 tended
958 2560 983 2602 to

10 2662 12 2679 ,
111 2632 222 2680 noarmy
233 2617 280 2665 and
292 2631 391 2664 nowers
402 2616 504 2664 onhand
535 2616 983 2666 thedestruotionofallcredit.Cice1-o's

10 2684 12 2721 :
62 2678 89 2744 (c.
98 2681 131 2746 1).
165 2682 332 2742 Hecompares
344 2681 504 2741 anothcrpas-
535 2681 653 2727 character
670 2680 698 2728 of
713 2682 778 2729 them
796 2683 816 2729 is
833 2686 875 2729 not
893 2698 907 2728 a
922 2683 983 2742 good

10 2766 12 2795 ;
62 2757 109 2808 ῃ
123 2745 152 2796 oi
160 2745 245 2794 Cicero
263 2745 334 2806 (Phil.
347 2745 363 2791 i.
379 2743 423 2808 7)=
440 2744 516 2806 “qui'
534 2760 595 2801 onc;
611 2744 647 2791 for
664 2745 695 2792 he
713 2760 765 2807 says
781 2747 833 2793 that
846 2746 867 2792 if
880 2745 983 2796 Quintus

10 2810 12 2815 '
60 2812 147 2871 ustos
159 2808 381 2871 inrepublicacom
389 2812 504 2870 potestate
533 2809 568 2855 let
578 2808 641 2855 them
653 2809 711 2856 have
721 2809 783 2856 their
792 2825 844 2857 own
851 2824 909 2869 way,
917 2809 983 2857 these

60 2870 309 2936 hpoeioqnoversatus
316 2871 375 2929 sit;”
386 2873 432 2919 and
439 2871 502 2934 (Cat.
534 2871 631 2919 formem
642 2872 669 2919 of
676 2873 718 2920 the
727 2877 792 2920 taxes
800 2873 876 2919 would
887 2887 983 2933 oppress

60 2935 135 3002 t11)=
147 2941 163 2968 ‘⁶
170 2937 202 2985 ad
210 2951 328 2985 summum
335 2936 456 2997 imperium
463 2951 505 2997 per
535 2936 576 2983 the
586 2937 702 2998 province.
725 2937 776 2983 The
787 2941 949 2996 management
959 2936 986 2983 of

60 3012 136 3051 onnes
155 3001 273 3049 honorum
293 3001 377 3061 padus
397 2999 504 3048 extulit.”
535 3000 601 3047 these
615 2999 854 3062 greedyfellowswas
868 3000 984 3060 thegreat

60 3062 107 3115 Tne
124 3066 229 3127 minan
249 3065 331 3112 notion
350 3064 426 3111 which
446 3063 504 3125 boys
536 3065 647 3126 difficulty
659 3065 685 3112 in
700 3064 741 3111 the
756 3063 941 3111 administration
959 3063 986 3111 of

59 3130 236 3191 nowhere
251 3127 505 3176 comathaword
536 3129 645 3180 Quinam.

60 3189 217 3243 bablundcr.
567 3195 597 3240 Ia
617 3194 687 3241 retas
707 3191 891 3252 coyaoscemtta]
926 3190 983 3238 This

88 3258 126 3309 ll.
140 3256 292 3320 Publiceni]
325 3257 364 3306 He
374 3257 429 3304 calls
439 3258 504 3304 them
535 3272 623 3314 means,
634 3257 659 3303 in
670 3255 765 3316 hearing
773 3256 820 3303 and
830 3255 984 3316 determining

60 3332 89 3369 ι
107 3320 196 3381 ‘ordo,'
217 3337 244 3369 as
263 3322 304 3370 tho
325 3326 427 3370 senators
445 3334 505 3368 were
535 3321 593 3367 such
609 3324 704 3366 matters
719 3333 745 3365 as
761 3333 826 3366 came
836 3318 915 3366 before
926 3319 982 3379 him,

60 3383 127 3435 εΗ
140 3400 173 3435 an
185 3385 274 3443 ‘ordo,'
288 3385 334 3433 and
351 3384 391 3431 the
405 3384 503 3445 equites.
535 3384 686 3448 particularly
695 3383 942 3447 humamanam:

60 3444 105 3499 hu
120 3448 262 3515 ‘partlm5
279 3447 403 3515 belonged,
420 3463 448 3498 as
468 3449 503 3505 al.
