2174 3764
108 177 166 239 170
476 179 677 240 amaruan

107 337 244 411 desinam,
258 357 352 416 neque
364 341 396 396 te
409 337 511 416 patiar,
522 342 664 416 quantum
677 336 733 396 erit
746 336 779 396 in
792 357 850 413 me,
863 359 932 399 cum
945 359 1042 420 excep·

106 430 187 489 tione
199 429 318 489 laudari.
360 429 470 489 Omnes
485 429 562 489 enim
575 430 625 507 qui
640 429 728 490 istinc
740 431 875 505 veniunt,
889 432 932 492 ita
945 433 981 492 de
993 438 1041 492 tna

107 520 222 594 virtute,
236 520 414 598 integritate,
428 521 611 582 humanitate
633 528 869 596 commemorant,
882 530 919 584 ut
936 525 968 583 in
986 524 1041 584 tuis

107 611 227 672 summis
237 613 370 673 laudibus
382 613 526 693 excipiant
535 633 624 672 unam
633 613 821 674 iracundiam.
848 616 1041 691 Quodvitiunr

106 725 196 783 quum
213 703 246 763 in
263 705 317 764 hac
336 704 449 784 privata
461 705 684 784 quotidianaque
696 705 757 765 vita
776 705 851 766 levis
873 727 938 768 esse
959 707 1040 768 animi

106 801 193 875 atque
213 796 320 856 infirmi
341 796 465 871 videtur,
488 803 552 856 tum
573 818 641 857 vero
660 797 734 856 nihil
756 803 803 856 est
829 802 894 859 tam
920 801 1039 883 deforme

106 908 192 967 quam
212 889 249 948 ad
271 909 415 949 summum
434 889 586 968 imperium
605 888 693 948 etiam
712 889 903 950 acerbitatem
923 897 1039 952 naturae

106 979 271 1060 adjungere.
313 982 410 1057 Quare
429 981 502 1040 illud
520 1001 582 1040 non
603 980 756 1060 suscipiam
775 987 820 1056 ut,
839 984 973 1062 quaeda
989 984 1037 1042 ira·

107 1072 212 1132 cundia
230 1073 287 1134 dici
305 1074 400 1134 solent
418 1072 621 1133 adactissimis
640 1072 815 1147 hominibus,
834 1095 871 1134 ea
891 1096 972 1136 nunc
990 1074 1039 1135 tibi
1083 1092 1085 1135 ῑ

107 1186 256 1245 exponam,
265 1188 355 1246 quum
367 1172 398 1226 et
408 1166 494 1226 nimia
504 1166 608 1251 longus
622 1186 686 1225 esse
694 1166 785 1225 nolim
796 1171 827 1226 et
841 1187 879 1226 ex
888 1169 1038 1229 multorum
1081 1176 1085 1273 1

108 1258 224 1338 scriptis
242 1279 277 1318 ea
295 1258 378 1318 facile
397 1258 490 1338 possis
511 1277 701 1336 cognoscere:
721 1257 794 1317 illud
811 1259 890 1336 quod
908 1265 955 1320 est
975 1259 1037 1340 epis·
1078 1276 1085 1337 q

108 1351 185 1411 toiae
197 1352 354 1431 proprium,
366 1356 403 1411 ut
419 1351 445 1410 is
464 1351 500 1410 ad
513 1370 599 1430 quem
617 1349 754 1410 scribitur
766 1350 802 1410 de
815 1350 853 1411 iis
873 1352 963 1412 rebus
976 1370 1037 1432 quas

108 1445 223 1523 ignorat
236 1445 342 1505 certior
354 1444 414 1516 fiat,
426 1442 716 1522 praetermittendum
730 1461 794 1501 esse
806 1462 870 1502 non
881 1449 965 1522 puto.
997 1445 1037 1503 38.

110 1538 157 1597 Sic
171 1536 208 1596 ad
220 1557 274 1597 nos
288 1556 387 1598 omnes
400 1536 462 1595 fere
474 1535 617 1606 deferrmt,
626 1533 700 1592 nihil
709 1553 800 1612 quum
809 1534 888 1593 absit
897 1533 1038 1595 iracundia

109 1636 141 1689 te
153 1629 216 1688 fieri
229 1649 313 1708 posse
323 1627 497 1708 jucundius3
517 1626 569 1686 sed
581 1646 670 1704 quum
688 1631 719 1684 te
738 1625 861 1705 aiicujus
873 1625 1037 1706 improbitas
1083 1614 1085 1635 ⁵

109 1720 337 1799 perversitasque
356 1717 548 1790 commoverit,
573 1717 668 1777 sicto
691 1717 786 1776 animo
809 1716 928 1777 incitari
949 1723 983 1777 ut
1006 1715 1037 1776 ab
1083 1726 1085 1731 '

111 1812 244 1872 omnibus
262 1816 315 1870 tua
335 1809 514 1869 desideretur
533 1809 706 1869 humanitas.
750 1808 848 1883 Quare
861 1808 1039 1888 quoniamin
1083 1806 1085 1811 ’

111 1924 174 1963 eam
187 1903 327 1961 rationem
337 1902 412 1960 vitae
422 1921 477 1960 nos
490 1907 621 1960 nontam
632 1900 775 1979 cupiditas
785 1902 927 1978 quaedam
940 1901 1039 1980 gloriae

111 2015 196 2075 quam
210 2014 256 2053 res
269 1994 332 2072 ipsa
351 2013 385 2052 ac
404 1993 523 2052 fortuna
542 1992 670 2066 deduxit,
684 1997 719 2051 ut
739 1993 935 2072 sempiternus
953 2012 1039 2053 sermo

111 2087 260 2147 hominum
274 2086 309 2144 de
322 2084 406 2144 nobis
419 2085 537 2144 futurus
552 2085 598 2158 sit,
609 2103 767 2158 caveamus,
778 2089 921 2162 quantum
934 2085 1039 2144 efficere

112 2186 143 2240 et
156 2177 292 2256 consequi
305 2197 466 2256 possumus,
479 2183 565 2237 utne
578 2176 655 2255 quod
667 2175 699 2235 in
718 2175 803 2235 nobis
816 2176 932 2254 insigne
943 2176 1041 2237 vitium

112 2274 201 2333 fuisse
229 2272 348 2330 dicatur.
394 2271 499 2348 Neque
526 2289 579 2346 ego
605 2288 685 2328 nunc
710 2268 765 2328 hoc
791 2268 946 2343 contendo,
969 2266 1041 2347 quod

112 2365 234 2424 fortasse
248 2383 337 2441 quum
355 2361 387 2421 in
406 2361 485 2421 omni
503 2367 609 2420 natura
627 2366 691 2418 tum
706 2360 767 2438 jam
779 2358 812 2418 in
830 2365 933 2420 nostra
951 2365 1041 2420 aetate

147 2508 183 2554 13.
204 2505 250 2561 Qui
270 2506 340 2551 istinc
356 2503 473 2564 veninat]
519 2503 563 2550 See
593 2501 639 2548 We
656 2499 723 2546 don't
739 2500 803 2546 write
819 2504 845 2547 to
864 2516 880 2548 a
895 2516 952 2548 man
967 2506 992 2548 to
1006 2499 1042 2548 aab

114 2571 152 2620 De
171 2570 224 2616 Seu.
243 2572 266 2616 2.
299 2568 379 2616 Cicero
395 2583 447 2615 now
460 2582 515 2629 goes
531 2581 563 2614 on
593 2566 643 2612 him
660 2565 724 2611 what
741 2564 771 2610 he
792 2579 847 2626 may
865 2565 936 2612 know
958 2579 985 2612 or
1005 2567 1043 2611 not

114 2641 140 2682 to
164 2634 236 2681 touch
262 2633 302 2679 the
322 2632 387 2679 weak
407 2636 461 2693 part
483 2631 509 2679 of
526 2631 563 2678 his
594 2629 670 2685 know,
681 2629 725 2675 but
735 2627 797 2674 what
808 2629 838 2675 ha
848 2628 904 2675 does
914 2632 958 2676 not
970 2629 1042 2676 know.

114 2697 286 2754 brochon-his
304 2697 373 2757 hasty
390 2701 495 2757 tamper3
517 2695 563 2741 and
630 2693 823 2746 Careamus-at
839 2693 880 2755 ne]
916 2691 1043 2741 ‘Utne’is

114 2764 146 2810 he
156 2763 211 2809 does
222 2762 242 2808 it
251 2760 307 2807 with
318 2764 382 2822 great
397 2765 453 2808 tact.
488 2759 565 2806 There
596 2771 660 2804 more
677 2756 794 2816 emphatic
812 2756 871 2803 than
893 2756 962 2814 ‘ne3’
986 2761 1044 2804 most

114 2829 135 2875 is
151 2842 183 2874 no
193 2825 394 2873 reasontodoubt
404 2825 445 2872 the
454 2824 565 2883 integrity
595 2820 727 2881 frequently
748 2819 807 2866 used
827 2821 896 2867 when
917 2821 1044 2882 someffiing

115 2892 144 2940 of
152 2892 261 2947 Quintus,
272 2890 324 2936 who
334 2903 388 2946 was,
400 2904 426 2935 as
438 2889 457 2935 it
468 2901 565 2948 appears
596 2886 617 2932 ia
636 2883 769 2944 interposad
785 2883 891 2931 betwaen
905 2885 985 2932 ‘cave'
1001 2883 1045 2932 and

115 2957 175 3003 from
192 2955 254 3002 what
272 2968 307 3000 wa
327 2954 396 3000 know
417 2953 442 2998 of
461 2952 518 3006 him,
539 2966 565 2997 as
597 2947 659 2998 ine!
690 2947 742 2994 The
758 2961 866 2995 common
882 2947 1043 2996 formiathist

116 3020 201 3066 honest
219 3034 245 3065 as
263 3033 277 3064 a
297 3019 388 3065 Roman
404 3022 429 3063 at
449 3015 490 3062 the
508 3014 566 3061 time
597 3016 612 3040 ¹‘
622 3011 692 3063 Quod
702 3026 733 3058 ne
743 3012 832 3059 accidat
846 3013 976 3060 cavendum
985 3010 1044 3061 est.”

116 3085 169 3131 well
179 3083 247 3130 could
258 3082 295 3128 be.
329 3078 566 3127 Hewashowevera
597 3077 634 3124 De
652 3076 707 3123 Am.
726 3077 765 3123 26.
799 3076 859 3124 ‘Ne’
876 3076 898 3123 is
915 3078 1045 3125 sometimes

116 3148 184 3203 littie,
200 3146 304 3193 imitabis
319 3144 401 3200 fellow,
413 3143 469 3190 with
485 3142 566 3203 plenty
597 3140 703 3196 omitted,
725 3154 751 3186 11
772 3144 853 3187 “cava
874 3140 960 3189 Catoni
982 3145 1045 3190 ants·
1080 3178 1084 3185 .

117 3211 144 3257 of
158 3225 264 3270 courage,
275 3209 322 3256 and
336 3207 435 3270 perhaps
453 3220 484 3254 no
502 3210 567 3267 great
597 3203 696 3266 ponas,”
706 3203 842 3262 DeAm.2;
853 3202 1046 3262 “madreia’'

108 3275 250 3322 'discretion
600 3273 614 3296 “
623 3269 740 3315 takeoare
753 3267 807 3314 how
816 3282 864 3329 you
874 3284 916 3331 say
925 3268 971 3317 it.”
1003 3269 1048 3316 For

142 3339 241 3387 Ut-de
254 3339 286 3386 iis
302 3337 374 3386 rebus
390 3351 448 3400 quas
459 3332 568 3398 ignorat]
599 3333 667 3380 other
684 3332 801 3393 exampies
820 3332 847 3379 of
861 3337 905 3380 ‘nt
920 3331 968 3390 ne‚'
982 3332 1048 3380 when

101 3403 227 3465 “ignoret
246 3404 307 3453 Era.
333 3401 417 3468 susp.'’
437 3402 460 3452 is
478 3399 576 3451 Oreiii's
607 3397 674 3444 other
691 3395 769 3442 words
782 3395 845 3440 thau
860 3396 935 3442 ‘uss
953 3395 1048 3455 proceda

88 3473 159 3518 note.
178 3471 232 3520 But
244 3470 303 3535 why
310 3470 333 3519 ia
345 3470 379 3520 he
390 3485 418 3521 so
429 3465 581 3534 suspicioni
616 3457 715 3517 tuane:
730 3456 821 3504 *affl*
832 3457 1032 3510 mmihi&
