2174 3764
248 164 544 227 urmroussurr
563 164 683 226 maur
702 162 802 227 uuo.
928 165 987 237 eos
1063 139 1066 146 ’

291 400 339 458 89.
361 395 513 459 olomeo
533 397 750 457 TREBATIO.

338 527 410 603 (m.
426 524 454 587 7.
493 544 523 585 s.
538 544 561 586 u
584 543 602 586 o
625 523 707 603 700.)
1020 596 1025 607 Ι

54 653 114 733 Ego
126 658 162 715 te
175 653 374 716 commendare
386 673 447 714 non
460 653 568 715 desisto
579 678 586 727 3
607 653 658 712 sed
668 652 738 731 quid
746 651 893 731 proficiam
906 671 941 711 ex
955 656 986 711 te

56 746 126 806 seire
139 744 237 824 cupio.
276 745 362 824 Spem
379 744 531 804 maximam
547 745 639 804 habeo
651 745 684 804 in
696 744 788 804 Balbo
801 743 839 804 ad
851 764 937 823 quem
950 743 986 803 de

55 843 84 897 te
97 836 320 915 diligentissime
333 843 364 896 et
378 836 542 915 saepissime
556 837 657 896 scribo.
697 835 777 895 Illud
790 834 867 895 soleo
879 835 985 907 mirmi,

55 948 113 988 non
124 948 174 988 me
186 927 276 987 toties
289 927 417 1006 aoeipere
434 933 501 987 tuas
518 928 618 986 literas
631 926 745 1005 quoties
758 946 776 984 a
789 926 901 1001 Quinto
914 927 986 985 mihi

55 1019 144 1079 fratre
151 1019 319 1079 afferantur.
359 1019 398 1079 In
407 1018 560 1078 Britannia
568 1018 642 1077 nihil
651 1037 714 1077 esse
723 1017 808 1076 audio
818 1036 913 1095 neque
922 1017 986 1077 euri

56 1130 148 1191 neque
175 1109 298 1188 argenti
345 1110 384 1169 Id
407 1110 433 1168 si
454 1110 496 1169 ita
518 1114 572 1184 est,
594 1109 728 1168 essedum
754 1108 869 1186 aliquod
889 1108 985 1187 capias

56 1202 171 1275 suadeo,
185 1202 263 1261 etad
271 1222 325 1262 nos
336 1203 557 1281 quamprimum
566 1222 705 1261 recurras.
745 1201 797 1260 Sin
810 1206 909 1260 autem
922 1202 985 1262 sine

56 1293 210 1354 Britannia
220 1299 318 1354 tamen
336 1295 450 1373 assequi
465 1293 542 1372 quod
558 1295 691 1354 volumus
704 1311 866 1372 possumus,
879 1293 985 1370 perfioe

56 1384 141 1447 uteie
153 1385 187 1445 in
199 1384 385 1444 familiaribus
405 1385 544 1445 Caesaris.
584 1385 715 1444 Multum
735 1388 767 1443 te
787 1383 820 1442 in
840 1404 874 1442 eo
894 1383 985 1443 frater

57 1476 203 1557 adjuvabit
223 1496 315 1551 meus,
335 1477 460 1536 multum
483 1477 612 1550 Balbus3
635 1476 694 1549 sed,
712 1475 783 1534 mihi
803 1475 895 1547 erede,
914 1480 984 1536 tuus

57 1569 147 1647 pudor
167 1573 200 1629 et
219 1567 300 1627 labor
319 1569 482 1647 plurimum.
522 1569 730 1646 Imperatorem
743 1566 984 1640 liberalissimum,

57 1667 180 1722 aetatem
201 1660 480 1741 opportunissimam,
494 1659 770 1720 commendationem
789 1664 868 1718 certe
886 1658 984 1736 singu·

57 1750 151 1826 larem,
164 1757 201 1812 ut
222 1752 278 1812 tibi
299 1773 390 1812 unum
407 1752 567 1812 timendum
588 1751 627 1811 sit
647 1771 686 1811 ne
702 1751 765 1830 ipse
784 1749 839 1809 tibi
859 1749 984 1810 defuisse

57 1844 175 1906 videare.

84 2025 125 2072 39.
141 2021 166 2070 Δ
175 2020 246 2069 letter
254 2020 315 2068 bom
325 2020 436 2070 Cieeroto
446 2021 502 2069 Τη-
566 2022 650 2082 Neque
667 2021 734 2082 aare]
770 2020 853 2069 Cicero
873 2035 925 2082 says
942 2021 984 2069 the

57 2084 140 2143 busim,
148 2085 227 2133 whom
234 2084 265 2132 he
272 2085 318 2132 had
327 2085 504 2133 reeommeuded
535 2100 599 2133 mmo
608 2086 633 2132 iu
644 2086 735 2132 aletter
741 2088 767 2131 to
775 2085 868 2132 Atticus
877 2083 918 2146 (iv.
928 2083 968 2147 16)
976 2103 983 2141 3

57 2148 367 2205 tocuoemwhowastheu
377 2149 501 2210 proconsul
532 2149 580 2195 aud
596 2149 662 2205 adds,
677 2149 759 2196 ‘there
775 2163 822 2195 was
834 2162 864 2195 no
881 2148 944 2210 hope
959 2149 986 2195 of

56 2212 167 2262 'usGullis
179 2211 229 2275 (Ad
238 2213 380 2274 Dimiit).
405 2212 501 2260 cmo-
535 2211 624 2274 booty!
655 2213 707 2260 The
728 2213 832 2259 Romms
850 2211 984 2260 afterwards

58 2275 134 2325 helius
151 2277 224 2324 Testa
243 2291 290 2323 was
315 2291 331 2322 a
353 2276 504 2337 iurisconsul-
535 2276 609 2324 found
629 2276 683 2323 that
702 2276 744 2323 the
764 2275 840 2322 island
860 2276 983 2324 contained

56 2340 162 2397 mand
176 2339 225 2387 bad
240 2344 341 2388 noteste
356 2340 504 2401 fermilitery
535 2339 958 2400 betterthingsthangoldorsilver.

56 2404 140 2452 affetu.
184 2400 277 2451 Horeoe
296 2417 343 2450 was
363 2403 502 2465 aequamted
567 2403 695 2465 Eaedem]
729 2403 983 2459 'I'hiswasthename‚

56 2468 112 2516 sss
127 2465 260 2524 Trebatius,
277 2471 303 2514 to
320 2467 398 2515 whom
413 2468 445 2514 he
461 2468 503 2515 ed·
533 2467 649 2529 probably
668 2482 683 2514 a
701 2467 789 2514 British
809 2467 874 2514 word
894 2467 951 2514 with
969 2482 984 2514 a

57 2531 151 2580 &med
167 2531 210 2579 the
225 2532 277 2579 first
291 2531 398 2579 satireof
409 2531 502 2578 thehe-
536 2533 628 2579 Βιοωαιι
645 2531 803 2587 termination,
821 2532 849 2578 of
866 2532 907 2578 the
925 2546 983 2578 war·

57 2596 115 2644 eund
125 2594 202 2643 Book.
535 2595 635 2642 charos
655 2595 732 2642 which
748 2595 789 2642 the
810 2595 905 2643 Britous
925 2595 983 2642 used

86 2659 177 2721 sesto]
223 2657 251 2705 Ιι.
269 2657 390 2706 Comelim
408 2657 504 2714 Balbus,
537 2657 640 2720 (Caesar,
652 2659 711 2706 Bell
720 2659 781 2706 Gall.
792 2659 823 2706 iv.
835 2658 885 2720 33).
902 2658 983 2707 cicero

57 2723 156 2771 addend
169 2722 197 2771 of
210 2722 302 2779 (ἕω,
312 2722 368 2769 with
385 2722 462 2769 whom
475 2721 505 2768 he
536 2721 650 2783 supposed
660 2722 714 2769 that
726 2723 848 2770 'lb-ebetius
859 2721 934 2769 would
945 2737 983 2769 eo-

56 2786 269 2842 uinGallimt
283 2786 342 2833 least
355 2786 505 2846 duriugpsrt
536 2785 984 2847 eompanyCeesurtoBritain,buthe

56 2849 203 2900 damis
219 2850 277 2896 time
293 2849 504 2905 thereiutheoe·
536 2849 677 2910 didnotgo.

56 2915 133 2977 pudty
153 2914 181 2962 of
204 2913 333 2975 praefeotus
355 2913 455 2968 februm,
478 2927 505 2960 οι·
569 2914 626 2961 Sine
636 2911 778 2973 Monada]
799 2910 984 2973 Hehopeethet

58 2978 120 3027 chief
132 2978 160 3026 of
172 2978 215 3024 the
225 2977 352 3037 engineers.
535 2976 566 3024 he
587 2992 642 3039 may
662 2977 742 3024 obtain
765 2974 869 3024 Caesar’e
895 2975 983 3032 favour,

86 3042 166 3090 'l'bere
181 3040 322 3102 inaspeeoh
332 3040 359 3086 of
373 3039 453 3088 Cieero
464 3053 504 3086 ex·
536 3055 594 3088 esen
605 3040 626 3087 if
633 3041 663 3088 ho
673 3040 713 3087 did
723 3046 766 3086 not
775 3053 917 3101 eoeompany
926 3039 983 3086 him.

57 3109 108 3154 ent
117 3107 142 3154 in
153 3104 236 3152 behslf
248 3104 276 3152 of
288 3104 336 3152 this
352 3104 448 3161 Balbus,
464 3104 505 3151 de·
570 3103 742 3165 Sinpulorm,]
777 3102 845 3150 aster
862 3103 910 3149 thie
920 3103 984 3150 word

58 3169 142 3218 hsesed
153 3182 203 3217 mo.
215 3171 254 3216 hb.
536 3167 708 3215 someeditions
722 3165 768 3214 add
781 3166 868 3214 ‘habes
877 3166 892 3224 ς’
908 3166 952 3214 but
965 3168 985 3214 it

88 3232 231 3293 Britannia]
276 3230 360 3282 Ceeeur
382 3245 429 3278 ves
452 3245 506 3278 now
536 3229 984 3292 appearstobeeddedbysomeeopy·

58 3298 181 3360 preparing
201 3295 238 3343 for
257 3295 295 3342 hie
315 3295 401 3343 weond
416 3295 505 3343 British
535 3295 574 3352 ist,
585 3293 855 3342 anditisnotwauted.

57 3362 198 3425 expedition,
210 3372 258 3408 ao.
270 3361 309 3409 td.
