2174 3764
251 168 547 230 RPISTOIARUM
566 167 684 227 LIBRI
704 167 803 227 DUO.
931 170 988 227 185

330 367 376 424 12.
398 365 433 439 Q.
454 364 499 423 M.
519 362 674 422 FRATRI
694 363 723 422 S.

330 480 407 557 (xvi.
423 483 469 540 16.
509 498 539 539 A.
553 497 584 538 o.
600 496 626 539 c.
641 479 723 556 700.)

59 593 102 656 De
112 591 232 669 Tirone,
242 595 280 654 mi
292 595 400 668 Marce,
410 595 453 654 ita
465 601 495 654 te
508 615 659 673 meumque
671 594 839 654 Ciceronem
853 600 883 654 et
896 615 988 655 meam

60 689 211 748 Tulliolam
232 693 372 766 tuumque
391 688 481 746 filium
502 687 621 760 videam,
643 691 677 746 ut
700 687 771 746 mihi
793 688 987 764 gratissimum

58 779 159 852 fecisti,
174 799 266 857 quum
286 799 360 853 eum,
379 779 530 856 indignum
548 779 596 838 illa
617 779 742 853 fortuna,
762 781 845 840 nobis
865 781 988 841 amicum

58 891 142 949 quam
167 891 282 930 servum
305 890 367 929 esse
390 870 525 930 maluisti.
565 870 643 929 Mihi
663 871 755 944 erede,
775 872 835 941 tuis
858 879 888 931 et
910 872 987 932 illius

57 962 148 1022 literis
168 962 304 1041 perlectis
325 961 427 1021 exsilui
446 962 558 1039 gaudio,
572 968 603 1021 et
622 962 677 1022 tibi
697 967 727 1021 et
748 983 802 1040 ago
825 965 932 1040 gratias
956 971 987 1024 et

57 1054 195 1132 gratulor.
237 1053 354 1112 Sienim
367 1053 437 1112 mihi
447 1054 533 1114 Statii
542 1054 664 1112 fidelitas
674 1059 719 1112 est
729 1060 828 1114 tantae
837 1056 986 1134 voluptati,

58 1144 160 1224 quanti
173 1164 237 1204 esse
250 1143 283 1204 in
294 1144 351 1203 isto
364 1145 433 1204 haec
447 1145 545 1204 eadem
555 1145 631 1205 bona
644 1145 758 1219 debent,
768 1143 873 1206 additis
885 1147 985 1220 literis,

58 1234 247 1308 sermonibus,
270 1235 457 1309 humanitate,
481 1256 553 1315 quae
577 1241 646 1296 sunt
668 1237 713 1296 his
736 1237 807 1316 ipsis
831 1233 986 1298 commodis

57 1327 193 1407 potiora?
233 1327 310 1386 Amo
327 1331 358 1386 te
378 1327 510 1387 omnibus
534 1328 665 1406 equidem
685 1328 814 1387 maximis
829 1328 864 1388 de
884 1329 985 1403 causis,

57 1438 156 1480 verum
177 1416 267 1479 etiam
286 1422 404 1498 propter
416 1419 490 1501 hanc
502 1419 548 1479 vel
560 1420 637 1498 quod
657 1419 727 1478 mihi
747 1419 787 1479 sic
806 1425 841 1478 ut
861 1421 986 1480 debuisti

56 1511 210 1572 nuufiasti.
251 1511 292 1570 Te
314 1517 411 1570 totum
436 1510 468 1570 in
490 1511 582 1570 literis
605 1511 671 1572 vidi.
712 1508 810 1571 Sabini
832 1512 929 1592 pueris
955 1520 986 1572 et

57 1602 175 1682 promisi
188 1601 293 1675 emnia,
307 1608 337 1661 et
349 1601 461 1662 faciam.

239 1745 285 1803 13.
309 1743 489 1802 TULLIUS
508 1743 659 1803 TIRONI
679 1744 759 1805 SUO
780 1747 809 1806 S.

336 1848 412 1924 (xvi.
427 1850 455 1906 2.
495 1866 524 1907 A.
539 1865 570 1908 u.
585 1866 611 1908 ο.
626 1849 708 1925 704.)

56 1951 87 2012 N
87 1971 126 2012 on
135 1971 211 2032 queo
224 1951 261 2010 ad
273 1956 304 2010 te
316 1971 370 2010 nec
379 1950 460 2010 lubet
472 1951 593 2011 scribere
605 1973 661 2031 quo
674 1953 769 2013 animo
780 1953 833 2013 sim
848 1955 984 2015 affectus:

55 2049 171 2104 tentum
191 2042 285 2103 scribo
305 2048 335 2101 et
354 2043 408 2101 tibi
428 2046 458 2101 et
477 2042 548 2100 mihi
567 2044 704 2103 maximae
717 2046 940 2124 voluptatium,
959 2048 985 2105 si

56 2140 85 2194 te
104 2135 222 2195 firmum
242 2154 328 2213 quem
350 2133 474 2213 primum
493 2133 599 2194 videro.
639 2136 737 2195 Tertio
758 2137 803 2195 die
826 2137 878 2197 abs
897 2143 928 2196 te
948 2136 985 2198 ad

55 2228 187 2309 Alyziam
212 2245 430 2286 accesseramus.
482 2225 516 2286 Is
541 2226 622 2285 locus
652 2233 697 2285 est
723 2228 796 2287 eitra
822 2229 984 2289 Leucadem

87 2352 503 2416 12.Thisleeer(ofunoeraindate,
535 2369 573 2401 me
583 2358 645 2402 most
655 2355 830 2418 particularly,”
843 2361 885 2404 &e

55 2420 100 2468 like
117 2421 159 2468 the
175 2417 310 2481 preceding)
326 2418 387 2466 from
401 2418 503 2469 Quintus
569 2420 605 2466 13.
624 2419 680 2466 Tiro
691 2421 855 2482 accompauied
866 2421 946 2469 Cicero
957 2429 983 2470 ιο

56 2484 135 2532 (licere
159 2488 185 2531 ιο
211 2482 248 2530 his
279 2481 374 2529 brother
401 2482 503 2538 Marcus,
534 2481 982 2543 hisgoverumentofCiliem.c.51,

56 2549 139 2597 tbsuks
150 2548 201 2595 him
211 2546 248 2594 for
260 2545 425 2606 menumitling
439 2546 502 2593 'Iis-0.
534 2546 581 2592 and
602 2548 712 2594 returned
732 2549 790 2594 with
807 2549 857 2596 him
879 2563 926 2597 nc.
942 2552 982 2598 50.

57 2610 80 2660 It
99 2627 175 2660 meins
196 2609 308 2672 probeble
328 2610 379 2657 that
401 2609 503 2660 Quintus
534 2610 589 2656 Tiro
605 2625 652 2657 was
670 2610 712 2658 lest
730 2613 779 2659 sick
792 2619 817 2660 et
829 2614 910 2660 Patrae
928 2612 983 2674 (Pe-

56 2689 99 2724 was
119 2684 146 2724 et
165 2675 214 2722 this
229 2675 287 2720 time
302 2673 359 2720 with
376 2673 460 2721 Caesar
478 2674 503 2720 iu
534 2674 592 2736 tras)
603 2674 627 2720 in
637 2673 733 2732 Achaia,
752 2677 827 2724 under
842 2677 883 2724 the
897 2692 948 2724 care
958 2677 985 2724 os

58 2739 122 2796 (isal,
141 2739 179 2788 for
196 2739 227 2785 he
243 2738 316 2812 hopes
331 2742 357 2784 to
372 2752 411 2784 see
422 2736 503 2784 Cicero
534 2742 579 2784 two
590 2737 616 2783 of
625 2737 725 2787 Cicero’s
735 2739 829 2798 friends,
844 2741 889 2788 Μ’.
898 2740 982 2789 Curius

10 2868 12 2877 '
57 2801 426 2925 ⁸diffiti’smsduhiimodinughsidii
455 2801 502 2911 alid
533 2801 663 2926 millldiidl
698 2866 737 2913 He
753 2867 810 2914 fines
824 2867 865 2914 the
881 2867 982 2928 position

57 2945 105 3044 :yyy
120 2931 222 2990 nothing
238 2929 310 2976 about
325 2928 443 3040 hihaffifhi
459 2928 503 2975 but
533 2928 662 3040 paplelyzypo
669 2944 695 2976 as
712 2930 781 3040 Ἢ
795 2933 838 3021 lay
854 2931 936 3040 stelplie,
945 2946 983 3042 'pr

57 2995 177 3107 mhi?
195 2998 238 3041 ¹²⁰³
254 3008 326 3054 ΡΜ
380 2998 415 3040 ”
432 3007 502 3039 ⁰w⁸⁵
534 2999 982 3120 osuiadffdaiildihidii

83 3124 165 3180 liele,
178 3120 280 3182 dromi]
305 3119 502 3167 ARomcnform
533 3119 636 3167 between
652 3120 741 3167 leucas
757 3121 804 3167 eud
820 3122 908 3169 Patrae.
941 3122 981 3170 Ci-

58 3185 80 3233 ol
97 3186 238 3248 expression,
256 3183 331 3231 which
351 3183 502 3244 corresponds
533 3199 585 3231 cero
603 3199 682 3230 means
699 3184 740 3230 the
753 3185 799 3246 city
812 3186 838 3232 of
854 3186 942 3234 Leucas
955 3188 981 3234 iu

58 3254 79 3296 ιο
94 3265 137 3298 our
153 3251 228 3298 forme
254 3252 302 3295 “as
319 3247 332 3295 1
348 3248 409 3308 hope
422 3252 447 3293 ιο
463 3261 501 3294 see
532 3248 573 3294 the
581 3247 745 3308 northpertof
753 3248 883 3296 theislaud.
899 3250 982 3312 Alyzia

10 3362 12 3373 ,
58 3326 99 3374 you
114 3315 161 3363 end
177 3328 218 3376 my
232 3326 276 3360 son
294 3311 382 3367 Cicero,
399 3311 446 3358 aad
462 3326 501 3372 my
532 3311 595 3358 isou
605 3311 646 3358 the
656 3311 774 3359 meinland
788 3314 982 3375 oppositetothe

59 3377 107 3425 decr
121 3379 181 3426 little
191 3376 269 3425 'lbllia
285 3374 331 3422 end
347 3389 407 3436 your
422 3389 473 3431 son,
488 3375 500 3423 1
531 3375 618 3425 island

56 3454 127 3490 mure
137 3457 185 3504 yon
201 3439 252 3488 that
265 3454 314 3502 you
330 3439 391 3490 heve
405 3440 501 3504 pleesed
