2174 3764
101 157 162 214 aso
241 120 244 125 ’
339 154 385 214 rr.
405 154 555 215 runnu
576 155 802 217 cromerus

104 313 255 374 Gallorum
275 332 342 372 suas
363 313 459 392 copias
479 314 664 388 continebam
683 334 780 394 neque
797 315 870 375 sciri
881 315 994 376 volebat
1008 335 1035 375 se

101 405 229 484 legiones
241 405 364 464 habere:
383 409 502 464 tantum
521 406 684 486 equitatum
700 412 731 465 et
748 407 845 466 levem
868 413 1036 467 minaturum

101 497 282 559 ostendebat.
334 498 528 575 Posteaquam
552 497 626 557 vidit
649 518 680 559 se
705 499 799 558 invito
826 499 975 577 legionem
999 499 1036 558 ire

102 589 206 662 Pansa,
217 588 299 667 sequi
312 609 344 648 se
357 588 430 649 duas
440 589 569 668 legiones
578 591 668 670 jussit
680 590 819 650 tironum.
847 592 1035 671 Posteaquam

101 684 251 762 angustias
259 683 373 762 paludis
382 691 412 745 et
421 685 557 745 silvarum
566 686 743 761 transiimus,
751 686 828 746 acies
840 693 890 747 est
899 688 1037 748 instructa

101 776 215 836 anobis
230 776 379 836 duodecim
393 778 564 837 cohortium.
603 778 744 838 Nondum
755 785 902 838 venerant
916 778 1037 857 legiones

102 868 194 941 duae;
219 874 341 947 repente
353 869 504 928 Antonius
517 869 550 928 in
563 869 653 929 aciem
667 889 734 930 suas
744 870 843 949 copias
855 871 892 930 de
903 871 967 932 vico
979 891 1036 950 pro·

101 959 185 1019 duxit
198 964 229 1018 et
243 961 306 1021 sine
319 982 400 1021 mora
412 962 567 1022 concurrit.
608 962 706 1021 Primo
717 962 758 1020 ita
767 969 938 1040 pugnatum
952 971 996 1023 est
1006 969 1036 1021 ut

100 1051 194 1112 aerim
208 1073 269 1112 non
282 1059 382 1133 posset
392 1073 428 1112 ex
437 1058 560 1132 utraque
572 1059 656 1133 parte
666 1053 790 1135 pugnari
798 1076 810 1112 :·
821 1054 881 1113 etsi
896 1054 1036 1114 dexterius

100 1163 201 1217 cornu,
215 1144 317 1224 inquo
336 1165 390 1223 ego
404 1165 482 1204 eram
501 1165 568 1205 cum
581 1145 708 1205 Martiae
727 1144 851 1222 legionis
875 1147 1036 1206 cohortibus

101 1241 176 1310 octo,
190 1236 303 1316 impetu
319 1237 412 1317 primo
432 1237 583 1315 fugaverat
602 1237 742 1315 legionem
758 1255 845 1296 xxxv
858 1238 995 1312 Antonii,
1006 1248 1036 1298 ut

101 1328 224 1408 amplius
238 1349 341 1408 passus
357 1328 559 1408 [quingentos]
574 1329 652 1388 ultra
664 1328 755 1389 aciem
768 1348 825 1406 quo
839 1329 906 1389 loco
922 1336 1036 1392 steterat

100 1421 282 1500 processerit.
323 1421 428 1500 Itaque
454 1441 544 1499 quum
569 1420 682 1500 equites
708 1425 842 1481 nostrum
871 1441 970 1485 cornu
991 1423 1035 1484 eir

101 1512 210 1572 cumire
233 1513 350 1588 vellent,
371 1513 498 1591 recipere
519 1533 566 1572 me
590 1511 673 1590 coepi
696 1518 726 1572 et
748 1512 843 1572 levem
865 1522 1036 1576 umanum

101 1625 247 1685 opponere
260 1606 433 1666 Maurorum
447 1605 601 1684 equitibus,
615 1625 654 1664 ne
670 1624 784 1665 aversos
803 1609 927 1667 nostros
946 1626 1034 1687 aggit-

101 1697 249 1758 derentur.
290 1696 416 1757 Interim
428 1696 511 1757 video
531 1717 578 1756 me
598 1716 662 1758 esse
682 1696 761 1755 inter
772 1695 965 1760 Antonianos
982 1700 1034 1758 An·

100 1789 271 1868 toniumque
283 1794 351 1868 post
361 1808 408 1847 me
419 1809 483 1848 esse
493 1788 650 1868 aliquanto.
671 1788 805 1867 Repente
816 1809 928 1868 equum
938 1788 1033 1850 immisi

100 1881 137 1941 ad
151 1901 214 1940 eam
232 1881 376 1958 legionem
389 1879 519 1939 tironum
539 1902 612 1960 quae
625 1880 759 1942 veniebat
772 1900 807 1940 ex
822 1882 939 1958 castris,
960 1887 1033 1943 scuto

99 1971 217 2052 rejecto
238 1970 403 2031 Antoniani
414 1992 462 2030 me
471 1972 604 2052 insequi:
625 1973 720 2033 nostri
733 1973 792 2052 pila
804 1974 952 2053 conjicere
962 1975 1033 2034 velle.

100 2066 149 2125 Ita
162 2064 259 2124 nescio
273 2085 330 2143 quo
342 2063 405 2123 fato
419 2084 484 2123 sum
498 2071 638 2141 servatus,
652 2065 730 2145 quod
747 2086 813 2125 sum
827 2066 888 2126 cito
903 2087 922 2126 a
935 2065 1033 2127 nostris
1079 2076 1080 2081 ’

99 2157 243 2235 cognitus.

139 2250 178 2307 In
191 2249 255 2328 ipsa
267 2248 400 2322 Aemilia,
414 2249 465 2309 ubi
478 2249 580 2310 cohors
596 2249 726 2310 Caesaris
738 2248 885 2329 praetoria
898 2255 972 2327 erat,
986 2250 1030 2310 diu

98 2347 261 2422 pugnatum
275 2347 329 2402 est.
372 2343 473 2402 Cornu
486 2342 650 2402 sinisterius
664 2342 742 2421 quod
754 2346 816 2400 erat
826 2341 981 2416 infirmius,
989 2340 1034 2402 uhi

99 2433 227 2494 Martiae
239 2434 362 2512 legionis
376 2435 450 2495 duae
467 2435 599 2495 cohortes
612 2439 704 2508 erant,
718 2439 749 2494 et
762 2433 866 2494 cohors
885 2435 1033 2515 praetoria,

98 2527 201 2606 pedem
214 2527 321 2587 referre
335 2533 502 2606 coeperunt,
517 2527 594 2606 quod
607 2527 643 2587 ab
658 2526 791 2606 equitatu
809 2525 1034 2587 circumibantur

134 2736 204 2796 Vico]
239 2734 262 2783 A
284 2732 371 2781 ‘vicus’
398 2734 419 2781 is
445 2749 460 2781 a
486 2735 552 2796 place
584 2735 635 2781 sion
653 2733 681 2780 of
697 2731 799 2795 ‘quam’
814 2733 915 2780 without
931 2733 1035 2792 affecfing

97 2800 174 2846 which
185 2815 232 2847 was
248 2800 356 2847 attached
367 2805 392 2846 tc
404 2813 469 2846 some
485 2800 553 2846 other
584 2799 625 2845 the
642 2812 701 2855 case,
720 2799 741 2844 is
758 2797 848 2844 limited
865 2803 891 2844 to
907 2799 950 2844 the
962 2798 1034 2858 adjec-

97 2863 171 2924 place,
183 2869 273 2911 or‘res
284 2864 393 2926 publioa‚'
405 2864 457 2910 that
467 2864 487 2909 is
502 2868 554 2910 toa
584 2863 643 2909 tives
665 2860 770 2921 ‘majos'
793 2861 903 2916 ‘minos'
925 2863 973 2909 and
998 2861 1035 2908 the

97 2932 161 2974 town
168 2929 195 2974 of
199 2943 263 2976 some
271 2928 420 2989 description.
437 2927 550 2974 A‘vicus'
583 2926 681 2974 adverbs
693 2925 774 2986 ‘plus’
788 2925 895 2982 ‘minua'
908 2921 1034 2987 ‘amplius’

96 2989 143 3037 lrad
155 3007 185 3038 ιιο
197 2994 299 3053 politicel
310 2993 436 3039 character.
466 2991 489 3040 A
501 2992 550 3039 ‘fo-
582 2991 658 3037 which
674 2990 781 3038 however
797 3004 852 3051 may
863 2991 913 3036 also
928 2989 987 3036 have
996 2989 1035 3036 the

96 3055 288 3118 rum'isaplace
304 3056 550 3104 betweena‘civitas'
583 3055 692 3116 ordinary
723 3053 908 3101 construction.”
964 3052 1035 3114 Key’s

96 3119 143 3164 and
159 3121 288 3167 a‘vicnsz’
306 3122 325 3168 it
339 3136 386 3168 was
402 3122 511 3169 attached
525 3126 550 3168 to
583 3119 713 3174 Grammar,
728 3120 796 3174 1055,
807 3132 829 3164 s.
842 3123 906 3165 note.

96 3195 162 3228 some
181 3187 234 3230 ‘res
252 3184 364 3245 publica,’
379 3184 422 3232 but
440 3186 460 3232 it
476 3185 551 3233 hada
613 3182 726 3243 Aversoe]
762 3181 816 3228 “In
837 3181 880 3228 the
900 3180 977 3238 rear,”
997 3179 1035 3228 the

96 3245 199 3305 political
210 3249 336 3300 character.
348 3250 401 3296 that
410 3250 439 3306 is,
450 3250 470 3296 it
480 3264 526 3295 was
537 3264 552 3296 s
583 3247 690 3308 opposite
700 3246 728 3293 of
737 3245 876 3293 ‘adversm'

84 3311 298 3426 ιιιιιι
319 3311 550 3440 ιιιιιι
584 3310 818 3436 asareem]
838 3309 1036 3371 ’ἰιιιι

109 3439 232 3503 Amplius
237 3444 347 3508 pacato]
390 3413 563 3494 “lithoma-

171 3676 202 3702 A
