2174 3764
399 183 486 245 cAP.
506 185 577 243 XX.
597 183 687 243 XXI.
967 186 1006 242 59

69 344 167 404 datam
181 347 376 415 conservaret,
389 363 450 402 nou
469 343 526 403 duo
547 342 695 421 Scipiones
709 339 758 419 qui
771 338 828 398 iter
843 338 948 398 Poenis
961 341 1007 398 rel

71 437 237 514 corporibus
258 436 322 495 suis
342 435 493 494 obstruere
506 435 668 506 voluerunt,
686 432 746 491 non
767 451 852 490 avum
871 436 956 489 tuum
969 432 1004 490 L.

72 528 202 586 Paullum
221 528 272 607 qui
293 532 390 586 morte
409 527 465 585 luit
487 526 611 602 collegae
631 525 664 583 in
683 523 830 584 Cannensi
848 522 1006 600 ignominia

73 621 271 691 temeritatem,
280 638 344 678 non
354 619 399 676 M.
408 619 580 676 Marcellum
593 617 676 696 cujus
689 615 841 674 interitum
853 635 891 674 ne
905 615 1004 673 crude-

75 709 195 769 lissimus
205 711 323 789 quidem
333 709 427 768 hostis
440 709 549 768 honore
560 709 725 786 sepulturae
734 726 829 766 carere
838 726 941 784 passus
950 711 1004 778 est,

78 801 122 859 sed
138 802 266 878 legiones
286 806 413 873 nostras,
427 801 506 879 quod
527 800 629 878 scripsi
647 800 680 858 in
694 799 746 874 Qri
769 800 775 811 '
801 799 863 858 'bus
885 799 917 857 in
937 819 1004 859 eum

78 911 154 970 saepe
162 894 257 952 locum
267 892 415 971 profectas
430 891 516 950 alacri
529 886 624 965 animo
638 897 668 950 et
681 820 871 962 &efflanda
886 911 916 949 se
929 911 1003 950 nun·

79 1003 154 1059 quam
165 984 310 1043 redituras
322 982 542 1042 arbitrarentur.
570 968 656 1059 Quod
666 982 757 1059 igitur
767 983 961 1042 adolescentes
973 991 1004 1042 et

79 1073 214 1152 iiquidem
226 1097 288 1136 non
303 1075 398 1134 solum
407 1075 517 1134 indocti
528 1074 579 1134 sed
591 1066 677 1133 etiam
688 1074 791 1133 rustici
803 1081 1002 1148 contemnunt,

79 1164 105 1223 id
115 1166 187 1226 docti
201 1168 286 1227 senes
301 1167 514 1227 extimescent?
548 1165 566 1226 7
568 1170 595 1225 6.
611 1165 746 1237 Omnino,
756 1170 791 1224 ut
804 1166 874 1224 mihi
888 1166 1002 1244 quidem

80 1257 187 1333 ridetur,
202 1259 369 1318 studiorum
383 1258 512 1316 omnium
526 1257 643 1317 satietas
657 1257 733 1316 vitae
746 1257 815 1315 facit
830 1257 1001 1316 satietatem.

81 1348 144 1408 Sunt
155 1351 299 1429 pueritiae
312 1355 394 1409 certa
408 1350 519 1408 studia:
534 1368 605 1407 num
618 1349 708 1425 igitur
718 1369 752 1408 ea
762 1348 926 1407 desiderant
936 1349 1001 1407 ado·

81 1438 230 1501 tacentes?
259 1443 337 1500 Sunt
347 1441 476 1500 ineuntis
487 1440 712 1499 adolescentiae:
733 1460 804 1498 num
818 1459 852 1498 ea
865 1444 1001 1498 constans

79 1529 125 1607 jen
134 1534 256 1612 requirit
270 1539 352 1592 aetas
366 1552 438 1610 quae
452 1531 546 1591 media
559 1531 689 1591 dicitur?
724 1533 799 1590 Sunt
813 1531 900 1589 etiam
913 1531 1001 1610 hujus

82 1626 185 1685 aetatis:
205 1646 245 1684 ne
259 1645 294 1684 ea
307 1624 425 1703 quidem
438 1630 616 1701 quaeruntur
628 1624 661 1682 in
671 1628 830 1682 senectute.
865 1623 940 1680 Sunt
953 1642 1001 1681 ex·

82 1717 158 1775 trama
180 1717 324 1796 quaedam
348 1713 445 1774 studia
467 1714 644 1774 senectutis:
674 1736 742 1791 ergo
765 1720 799 1772 ut
821 1715 1001 1793 superiorum

82 1810 192 1866 aarum
213 1807 315 1868 studia
334 1806 478 1879 occidunt,
500 1807 551 1871 sic,
564 1807 699 1866 occidunt
720 1807 808 1865 etiam
831 1808 999 1866 senectutis.

82 1893 151 1970 Quod
163 1920 255 1978 quum
268 1897 376 1972 evenit,
390 1898 508 1958 satietas
521 1899 597 1958 ritae
610 1905 726 1978 tempus
739 1904 885 1958 maturum
897 1901 1000 1960 mortis

80 1989 157 2051 affert.

106 2081 190 2142 XXI.
212 2080 428 2160 sanquinem
450 2102 510 2141 non
527 2081 610 2142 rideo
632 2103 684 2158 cur
703 2081 774 2160 quid
792 2082 855 2161 ipse
877 2082 1000 2143 sentiam

78 2169 105 2230 de
118 2181 209 2234 morte
230 2194 293 2233 non
313 2172 434 2232 audeam
447 2174 527 2234 vobis
542 2174 644 2247 dicere,
658 2174 735 2252 quod
752 2194 787 2233 eo
807 2175 910 2233 melius
928 2175 1000 2234 milii

77 2281 179 2326 eernere
198 2266 300 2325 videor
322 2285 379 2344 quo
400 2265 435 2324 ab
459 2285 493 2324 ea
512 2266 630 2344 propius
654 2267 764 2325 absum.
804 2266 867 2343 Ego
887 2273 999 2327 vestros

73 2361 168 2432 palles,
183 2358 218 2418 P.
230 2356 336 2435 Scipio,
350 2360 441 2434 tuque
453 2357 485 2416 G.
497 2357 672 2445 Laeli,·viros
687 2357 858 2416 clarissimos
873 2358 999 2437 mihique

73 2447 250 2508 amicissimos
264 2449 361 2506 vivere
374 2448 504 2520 arbitror,
520 2453 551 2506 et
564 2469 627 2507 eam
641 2449 757 2527 quidem
767 2449 855 2507 vitam
866 2470 938 2528 quae
953 2457 999 2510 est

72 2537 124 2598 sola
142 2540 204 2600 vita
227 2538 412 2599 nominanda.
452 2540 530 2599 Nam
554 2540 622 2598 dum
647 2560 747 2599 sumus
766 2540 799 2599 in
825 2542 870 2600 his
894 2542 999 2602 inclusi

71 2633 249 2711 compagibus
263 2631 401 2710 corporis,
411 2652 530 2691 munere
544 2633 666 2723 quodam
679 2633 861 2723 necessitatis
903 2636 998 2729 ¹‚gqa'vi

70 2762 162 2810 nemias
187 2761 210 2808 if
232 2762 264 2809 he
293 2761 333 2807 did
356 2764 399 2807 not
419 2702 1017 2823 suooeed‘1i1lbffiloiuii⁴jifofeisifundeiiibix,

71 2822 173 2884 (llorsaa,
185 2825 266 2874 Carm.
276 2825 310 2872 iii.
322 2827 346 2884 5,
361 2823 409 2886 1³).
546 2829 611 2872 turas
622 2841 646 2872 se
657 2841 704 2873 non
715 2826 908 2875 arbitrarentur.”
925 2827 996 2875 Com·
1011 2826 1014 2835 '

96 2887 130 2936 le
146 2890 284 2945 Marcellus,
301 2888 390 2943 consul
409 2888 449 2935 tall
462 2887 514 2935 into
545 2903 601 2950 pare
613 2890 701 2937 Gellius
712 2891 743 2936 iii.
756 2892 779 2946 7.

70 2962 96 2996 sa
111 2953 252 3000 ambuscado
269 2967 327 2999 near
345 2952 473 2999 Tarentum
488 2953 514 2998 in
578 2954 719 3000 Studiorum
730 2956 845 3017 omnium]
865 2954 899 3001 Or
908 2956 996 3002 ‘rernm

70 3013 192 3065 macone
200 3018 275 3064 Punic
281 3017 347 3063 War.
365 3015 416 3062 The
422 3031 513 3077 enemy,
545 3016 667 3073 omnium,'
676 3033 702 3064 as
713 3032 777 3066 soma
788 3019 858 3066 MSS.
866 3018 925 3064 have
936 3019 996 3064 it.-

70 3075 189 3137 llnnibal
207 3081 291 3128 buried
309 3081 351 3127 tha
372 3079 431 3127 dead
451 3080 514 3142 body
546 3081 595 3127 ‘In
629 3085 747 3128 senectute
755 3082 770 3129 ι’
804 3089 834 3130 ‘a
859 3080 995 3140 senectute,'

70 3140 206 3202 (linxxvii.
216 3144 270 3208 28).
545 3144 627 3191 Orelli.

97 3207 253 3270 ommi]
288 3207 347 3254 This
358 3207 378 3254 is
389 3221 404 3254 a
417 3206 514 3254 citation
576 3209 616 3255 21.
633 3208 740 3269 Patres]
753 3208 805 3255 The
815 3209 890 3256 father
900 3208 927 3255 oi
935 3209 995 3257 Lae·

69 3266 122 3318 ben
138 3273 181 3320 tbe
196 3271 308 3333 Origines
324 3270 350 3317 oi
363 3271 430 3318 Cato.
462 3271 514 3317 The
545 3269 590 3317 lius
600 3287 648 3318 was
659 3271 686 3319 C.
699 3273 801 3327 Laelius,
813 3273 864 3319 who
876 3287 923 3320 was
939 3288 995 3320 con.

68 3345 125 3383 m
143 3335 164 3384 is
185 3335 238 3383 said
257 3336 284 3382 in
308 3335 349 3381 the
369 3334 514 3382 Tusculanae
545 3334 583 3382 sul
592 3335 650 3383 with
660 3335 689 3383 Ιι.
701 3335 825 3386 Cornelius
839 3336 920 3400 Seipio
932 3338 998 3386 ssia·

68 3393 238 3460 musam
263 3398 289 3461 (ι’.
314 3399 372 3458 42)ε
404 3402 421 3426 ⁴⁸
430 3399 512 3452 Quum
544 3401 608 3451 ticos
619 3415 671 3452 aa.
681 3403 742 3454 ise.

62 3457 251 3519 &unibat
260 3460 320 3509 aaa
335 3477 407 3526 saepo
419 3465 511 3518 dames
