2174 3764
384 178 470 239 clf.
491 178 582 240 VIII.
602 178 661 238 IX.
947 181 985 237 25

71 336 279 418 llacrimamque
303 336 427 396 dixisse:
453 334 498 395 At
516 337 548 396 hi
568 336 682 415 quidem
702 335 811 395 mortui
825 337 887 415 jam
906 341 984 395 sunt.

69 428 122 489 Non
132 452 196 491 vero
210 436 277 489 tam
290 428 345 486 isti
357 449 442 506 quam
455 434 490 488 tu
503 429 574 507 ipse,
587 434 713 506 nugator
725 453 732 499 ;
751 447 846 505 neque
859 428 936 485 enim
949 448 986 486 ex

68 526 214 601 tamquam
226 542 261 581 es
280 520 451 579 nobilitatus
470 521 522 579 sed
540 541 575 578 ex
591 520 730 579 lateribus
745 525 775 579 et
787 519 902 578 lacertis
915 519 984 578 tuis.

66 610 130 671 Nihil
142 616 207 672 Sex.
223 611 333 671 Aelius
346 611 412 683 tale,
425 612 499 670 nihil
516 611 615 670 multis
635 611 719 670 annis
733 616 801 669 ante
815 610 858 668 ui.
874 611 984 669 Corun-

10 732 13 738 =
64 706 153 780 umus,
166 705 245 764 nihil
258 704 348 763 modo
362 705 394 762 P.
410 705 540 776 Crassus,
555 703 690 781 aquibus
700 703 768 782 jura
780 702 889 761 civibus
904 723 984 781 prae-

10 824 12 828 ’
62 798 259 870 scribebantur,
272 816 396 874 quorum
405 795 541 873 usquead
551 798 710 854 extremum
721 793 854 873 spiritum
865 800 910 853 est
921 814 984 872 pro·

60 894 127 949 reeta
138 888 311 968 prudentia.
341 876 405 965 ass
421 887 528 947 Orator
545 892 643 945 metuo
656 906 694 945 ne
707 886 874 962 languescat
888 872 1023 945 soncos-⁴⁸5

58 988 119 1054 uite,
132 990 180 1041 est
193 981 276 1040 enim
294 999 402 1038 munus
420 979 483 1057 ejus
495 1000 555 1038 non
568 978 678 1056 ingenii
692 978 785 1036 solum
799 978 849 1036 sed
861 977 985 1035 laterum

57 1074 133 1132 stiam
148 1080 181 1132 et
198 1072 316 1131 virium.
359 1070 485 1130 Omnino
508 1091 645 1174 cappo-um
665 1071 738 1130 illud
755 1070 787 1128 in
802 1090 870 1130 voce
891 1071 984 1147 splen·
1062 1110 1065 1115 -

55 1164 137 1223 deecit
150 1164 242 1223 etiam
256 1161 355 1221 neseio
369 1182 426 1240 quo
439 1168 524 1243 pacto
540 1183 572 1220 1n
590 1167 749 1235 senectute,
763 1162 840 1239 quod
853 1161 985 1238 equidem

55 1256 139 1316 sdhuo
151 1276 215 1315 non
227 1254 321 1325 amisi,
335 1259 367 1312 et
379 1252 482 1325 videtis
492 1274 592 1313 annos.
633 1254 690 1312 Sed
700 1260 798 1341 tamen
809 1247 928 1335 deedrus
939 1259 985 1311 est
1014 1298 1018 1305 .

55 1348 124 1406 senis
138 1366 234 1407 sermo
245 1345 364 1424 quietus
375 1351 405 1404 et
416 1345 561 1428 remissus,
572 1344 697 1423 facitque
707 1364 844 1424 persaepe
857 1344 920 1423 ipsa
930 1344 985 1403 sibi
1009 1361 1017 1375 ¹

55 1438 225 1497 audientiam
238 1436 343 1496 diserti
356 1435 434 1495 senis
448 1442 562 1514 compta
576 1442 606 1495 et
620 1436 699 1495 mitis
713 1436 814 1495 oratio.
856 1435 951 1509 Quam
959 1435 984 1494 si
999 1494 1002 1505 ,

10 1514 12 1531 ¹
56 1528 111 1606 ipse
122 1529 241 1608 exsequi
253 1548 390 1613 nequeas,
404 1528 497 1606 possis
518 1535 616 1587 tamen
637 1528 764 1606 Scipioni
776 1528 940 1607 praecipere
954 1534 984 1587 ct

58 1620 156 1681 laelio.
205 1620 286 1696 Quid
307 1619 383 1678 enim
400 1620 559 1698 jucundius
581 1626 730 1680 senectute
752 1620 858 1698 stipata
879 1619 983 1679 studiis

55 1710 232 1789 juventutis?
250 1694 256 1763 .¹
273 1714 323 1770 29.
344 1712 395 1769 An
408 1730 446 1769 ne
459 1731 507 1770 ecs
521 1711 636 1788 quidem
649 1711 724 1770 vires
740 1712 884 1770 senectuti
897 1711 983 1770 relin-
1002 1720 1015 1731 “’

58 1822 168 1880 quernus
181 1790 461 1862 utbdolescentulos
475 1802 584 1875 doceat,
593 1803 738 1875 instituat,
750 1803 787 1861 ad
800 1822 885 1862 omne
899 1803 984 1862 officii

59 1914 154 1955 munus
173 1893 330 1969 insinuat?
372 1894 438 1969 Quo
460 1894 575 1972 quidem
599 1915 685 1972 opere
708 1893 777 1971 quid
800 1900 984 1972 potestesse

59 1987 245 2062 praeclarius?
286 1985 366 2044 Mihi
386 2005 453 2044 vero
476 1986 530 2044 Cn.
553 1992 583 2045 et
606 1987 638 2045 P.
662 1985 808 2064 Scipiones
827 1992 857 2044 et
876 1985 921 2044 avi
938 1987 984 2045 tui

61 2075 117 2151 duo,
129 2079 163 2137 1..
177 2077 322 2138 Aemilius
342 2081 373 2135 et
394 2078 427 2135 P.
441 2076 606 2151 Africanus,
620 2077 760 2136 comitatu
780 2077 920 2136 nobilium
936 2078 982 2156 ju-

86 2182 268 2245 Atlsiqsss'dem]
304 2179 362 2228 ‘Ac'
373 2181 499 2228 alsocde·
531 2182 627 2230 citizens
643 2181 767 2241 according
783 2186 808 2228 to
825 2182 866 2228 the
885 2181 983 2228 mrcum-

61 2252 118 2293 noca
135 2261 151 2293 a
169 2246 261 2293 sudden
283 2245 388 2291 emotion
408 2244 435 2292 of
458 2246 500 2292 the
531 2250 623 2293 stcnoes
645 2245 672 2292 of
685 2245 726 2292 the
748 2260 807 2292 case.
840 2245 917 2292 There
932 2246 983 2294 iss

62 2308 123 2365 iderti.
132 2310 178 2357 sud
192 2310 213 2358 ts
228 2308 354 2370 employed
369 2309 395 2355 In
410 2309 500 2356 sudden
531 2310 627 2371 reading
639 2308 874 2370 ‘perscribebantuu’
907 2311 982 2357 ‘Pru-

62 2372 330 2435 lrmitionsinsmchss’
338 2372 499 2434 Key'sGram·
532 2373 618 2421 dentis’
630 2374 671 2435 has
682 2373 738 2419 here
748 2373 780 2420 its
791 2374 875 2434 special
883 2388 910 2420 or
917 2375 982 2420 teob·

62 2448 110 2494 lar,
121 2438 189 2493 less,
200 2438 225 2485 d.
531 2438 592 2484 nioal
603 2437 712 2496 meaning
722 2436 749 2483 os
761 2444 767 2464 ‘
772 2438 832 2497 juris
842 2437 982 2498 prudentia!

84 2499 418 2563 ‹Im-praescribebantur]
449 2500 500 2548 'Ibe
533 2499 745 2562 ‘Jurisprudentes’
778 2516 817 2547 are
849 2502 982 2550 sometimes

62 2560 116 2611 ires
134 2565 240 2613 Romus
258 2563 394 2610 mentioued
412 2564 437 2609 in
453 2564 500 2610 this
532 2565 617 2625 simply
628 2564 701 2610 called
713 2565 871 2625 ‘prudentes'

62 2625 500 2689 chpmwee⁴junseonm1u'or‘Ju-
567 2629 642 2683 Quam
668 2627 701 2688 si]
738 2628 839 2679 ‘Quam'
862 2628 933 2675 refers
956 2634 982 2675 to

62 2688 501 2752 r'tlrudentes,'‘menacquaihtedwitn
533 2690 639 2738 ‘oratio'
671 2692 720 2738 But
737 2692 779 2738 the
794 2693 871 2739 critics
882 2692 983 2754 seythat

62 2752 95 2801 ihr
108 2756 166 2804 lsra'
198 2756 238 2803 Ii·
260 2754 430 2812 Coruncanius,
449 2755 501 2801 who
534 2756 679 2802 ‘orationem
704 2754 807 2817 exsequi'
829 2757 849 2803 is
874 2756 982 2802 nowhere

62 2818 293 2867 mmdel'outifex
301 2818 420 2865 Maximus
430 2818 502 2866 about
533 2819 620 2876 fouud;
637 2820 683 2866 and
699 2819 756 2880 they
772 2821 830 2867 alter
847 2817 939 2881 ‘quem’
956 2826 982 2866 to

63 2892 101 2929 tc.
116 2886 171 2942 SM,
193 2898 243 2931 was
264 2883 306 2929 the
326 2884 378 2929 first
395 2882 502 2944 plebeiam
535 2882 627 2944 ‘quod'

63 2942 119 2995 Poul-
133 2948 201 2995 ua
244 2946 297 2994 The
324 2945 400 3007 plural
426 2944 499 3006 ‘jura'
562 2947 698 3008 Instituta]
732 2946 790 2993 This
806 2947 826 2993 is
842 2945 982 2993 ateohnioal

62 3005 95 3057 hs
106 3016 152 3059 two
168 3012 298 3070 meanings,
320 3009 500 3071 correspondiug
531 3011 595 3056 word
605 3010 699 3071 applied
709 3016 734 3057 to
746 3010 825 3070 giving
839 3010 982 3071 elementary

62 3073 350 3134 bilstvomeaningsof
362 3073 403 3120 the
420 3075 499 3134 singu·
531 3074 677 3129 instruction,
698 3075 724 3121 in
744 3074 796 3130 law,
814 3073 850 3119 for
868 3074 981 3129 instance,

62 3132 283 3201 b‘jus,'rrhiohis
300 3137 357 3183 used
369 3142 499 3198 toexpress
530 3153 556 3183 as
574 3139 625 3184 well
643 3154 669 3184 as
687 3138 712 3184 in
727 3137 794 3183 other
805 3137 883 3195 things
895 3134 954 3197 (Dig
964 3137 981 3184 i.

62 3196 183 3250 lawrsw’
193 3201 321 3263 generally,
332 3200 499 3261 snd‘aright’
531 3204 554 3248 2.
569 3204 589 3259 1,
609 3205 620 3259 5
639 3200 688 3263 43).
723 3201 805 3246 Hence
825 3200 866 3246 the
889 3199 982 3248 Romen

62 3264 278 3329 tt‘bgslfseulty!
311 3264 396 3312 Inthis
403 3280 500 3326 passage
531 3266 672 3325 elementary
688 3264 794 3310 treadses
812 3277 844 3308 on
861 3262 905 3309 law
920 3278 982 3312 svare

62 3326 124 3385 'irre’
144 3344 226 3379 mssus
245 3329 302 3375 ‘the
317 3328 379 3375 rulss
397 3328 426 3376 of
437 3327 498 3386 lsw,'
531 3329 604 3377 called
621 3325 815 3376 ‘institutiones'
850 3325 894 3374 See
904 3340 926 3374 c.
944 3331 986 3385 Μ,

62 3392 152 3449 mom
161 3393 190 3441 os
201 3394 243 3439 che
253 3391 328 3438 whole
343 3391 411 3451 ‘jus'
422 3393 499 3443 which
532 3394 611 3444 ‘bene
620 3390 752 3445 institutis?

57 3452 231 3513 &sasima
243 3454 305 3500 21101'1
313 3460 498 3518 ‘responsa'ds-
568 3466 619 3516 Avi
639 3462 692 3526 sui]
722 3458 830 3510 'Ilissis
846 3455 1019 3505 addressehus

45 3508 498 3578 flammarumque
535 3520 1038 3599 supioffiuosegrmducuethsstsu·
