2174 3764
117 183 156 245 ⁷4
492 180 680 241 LAELIUS.

114 343 207 401 lotum
230 360 292 400 esse
314 320 565 421 sapientemzlsed
583 346 707 419 uterque
728 339 783 400 alio
802 339 925 429 quodum
946 314 1053 427 modol

115 433 225 493 Atilius
239 432 306 511 quio
324 432 452 510 prudens
471 453 534 492 esso
554 432 585 491 in
604 433 671 512 jure
689 431 765 491 civili
780 424 954 511 putob'stur3
975 432 1047 492 Coto

114 525 182 605 quia
203 525 361 583 multorum
381 544 480 601 rorum
500 544 588 585 usum
611 524 754 584 habebat:
775 525 869 583 mults
889 523 953 603 ejus
970 528 1001 589 et
1016 523 1047 583 in

114 619 225 677 Senatu
239 621 269 675 et
282 616 315 675 in
327 616 391 675 foro
404 617 450 676 vel
460 616 574 695 provisa
583 617 743 696 prudenter
752 617 798 675 vel
808 622 873 675 uoto
883 610 1050 677 constiutit

113 709 159 769 vel
172 728 310 786 responso
323 713 409 767 nouto
421 709 607 768 ferebantur:
628 714 783 788 propterea
796 708 879 787 quasi
890 712 1048 786 oognom'on

109 800 665 881 jemhabebotinseneotutosnpientis.
700 803 850 860 Te'autem
861 800 1048 880 alioquodum

113 894 207 966 modo,
216 914 276 952 non
285 894 378 953 solum
388 898 495 953 natum
505 898 535 953 et
545 894 683 967 moribus,
696 913 797 952 verum
810 887 899 953 enim
909 893 1005 953 studio
1017 896 1048 953 et

114 986 246 1046 doctrino
259 1006 323 1045 esse
342 986 511 1065 sapientem,
525 1005 580 1044 nec
599 985 675 1045 siout
693 985 798 1062 vulgus
819 985 870 1044 sed
889 990 925 1045 ut
943 984 1049 1045 eruditi

113 1078 209 1138 solent
222 1079 365 1158 appellere
379 1078 541 1158 sapientem
554 1078 668 1156 qualem
680 1076 713 1135 in
727 1076 839 1155 reliquo
858 1076 981 1137 Graecia
999 1097 1047 1136 no·

113 1171 288 1232 minem—7.
302 1192 371 1231 nom
384 1171 434 1250 qui
454 1177 566 1249 septem
584 1170 773 1249 appollonium,
788 1190 838 1230 eos
852 1169 903 1248 qui
914 1170 972 1229 isto
984 1168 1048 1229 sub·

113 1263 194 1323 tilius
208 1269 353 1345 quaerunt
365 1264 397 1323 in
410 1284 531 1323 numero
546 1262 719 1341 sapientium
736 1282 797 1321 non
810 1262 1049 1321 hebent—Atho·

113 1357 160 1416 nis
172 1378 266 1418 unum
274 1357 436 1436 occepimus
445 1362 475 1416 et
484 1376 551 1417 eum
559 1355 674 1435 quidem
685 1354 773 1413 etium
781 1354 928 1433 Apollinis
937 1352 1048 1415 oraculo

114 1450 359 1529 sapientissimum
379 1448 559 1529 judicatum
590 1448 665 1506 bono
685 1466 748 1506 esse
771 1446 803 1505 in
825 1452 857 1505 te
881 1447 1047 1526 sapientium

113 1542 282 1602 existimant
294 1548 329 1600 ut
343 1541 440 1600 omnio
451 1547 504 1600 tuo
517 1540 549 1599 in
561 1545 592 1599 te
606 1538 701 1619 posito
714 1559 777 1598 esse
797 1539 886 1598 duoas
898 1540 1047 1599 humanos·

114 1655 170 1713 quo
181 1654 265 1693 casus
275 1633 384 1692 virtute
393 1632 544 1692 inferiores
554 1638 650 1710 putes.
684 1632 791 1708 Itaque
800 1650 836 1689 ex
844 1650 891 1690 mo
899 1634 1045 1709 quaerunt,

113 1725 199 1784 oredo
212 1725 284 1784 item
298 1746 333 1783 ex
345 1725 400 1783 hoo
421 1725 564 1797 Scaevola,
579 1744 704 1803 quonam
723 1727 809 1802 puoto
829 1728 954 1783 mortem
973 1722 1045 1783 Affi-

114 1817 180 1876 osni
192 1817 285 1888 ferns;
305 1837 396 1894 eoque
416 1816 508 1895 magis
527 1817 604 1894 quod
622 1816 667 1874 his
681 1814 819 1894 proximis
842 1815 949 1889 Nonis,
962 1834 1044 1895 quum

114 1909 147 1968 in
158 1909 259 1968 hortos
273 1909 311 1968 D.
321 1908 410 1967 Bruti
423 1908 541 1986 anginis
555 1907 769 1967 commentandi
783 1927 877 1981 causa,
888 1913 923 2005 ut
935 1903 1045 1977 ossolet,

116 2065 209 2113 Romen
223 2062 391 2123 jurisconsulti.
425 2063 474 2111 But
491 2063 564 2118 Bake.
597 2065 653 2111 itas
664 2064 767 2126 opposed
778 2066 803 2112 to
814 2063 950 2113 ‘Athenin'

114 2130 140 2178 ln
157 2129 194 2175 his
211 2127 299 2174 edition
310 2128 337 2174 os
350 2127 391 2174 the
406 2128 443 2174 De
455 2129 565 2189 Legibus,
634 2130 680 2184 Qui
700 2129 960 2191 septim—eubulius]
994 2130 1047 2177 Dio-

114 2193 158 2240 has
168 2193 209 2239 the
218 2191 315 2252 reading
332 2196 348 2220 “
358 2192 412 2238 Hoc
427 2198 516 2239 veteres
528 2193 565 2238 in·
598 2207 669 2253 genes
686 2192 793 2240 Laertius
808 2191 916 2257 (Titulos)
931 2194 1014 2256 speaks
1025 2192 1050 2241 ol

115 2261 236 2318 terpretes,
245 2256 298 2303 Sex.
307 2256 396 2313 Aelius,
409 2256 437 2304 L.
451 2255 566 2314 Acilius,”
598 2257 666 2304 these
688 2271 758 2303 seven
779 2258 903 2315 worthies;
926 2258 971 2307 but
986 2259 1050 2307 thus

116 2323 160 2369 &o
600 2336 647 2367 was
669 2321 792 2368 differenoe
813 2321 841 2368 of
860 2322 957 2384 opinion
980 2338 1006 2371 ne
1024 2328 1049 2369 to

148 2385 260 2432 Habebat
267 2384 287 2445 .·]
302 2383 428 2431 Orellihue
440 2383 567 2431 ‘haberet’
600 2386 662 2432 their
680 2400 767 2441 names,
786 2386 833 2433 sud
851 2401 911 2433 even
926 2402 952 2435 ss
969 2392 996 2435 to
1010 2386 1049 2435 the

115 2448 168 2498 'l'he
182 2448 368 2495 words‘⁴multa
381 2448 569 2508 ejus-ferebou·
601 2449 702 2496 number
728 2463 805 2496 seven.
839 2450 914 2498 Muoh
941 2450 969 2498 of
991 2450 1050 2500 thur

116 2512 172 2562 tur''
183 2527 222 2560 aro
233 2513 408 2573 paronthetiosl.
599 2514 696 2560 wisdom
707 2529 754 2560 uss
764 2514 791 2561 oi
803 2529 818 2560 o
828 2514 940 2576 praetiosl
949 2516 997 2567 and
1008 2530 1051 2579 pu-

151 2579 184 2626 Te
211 2581 289 2624 auton
322 2578 369 2624 alio
397 2577 567 2638 quodam—in·
599 2578 673 2624 litioul
682 2578 785 2635 lindos
799 2580 982 2641 wemsyJudgo
991 2579 1051 2629 bom

113 2642 218 2707 seriores
229 2641 321 2703 putee]
356 2641 568 2702 Alonguudoon-
600 2642 641 2688 the
662 2643 761 2689 menime
782 2641 911 2691 attributed
931 2648 958 2691 to
978 2644 1051 2693 them.

117 2706 184 2755 fused
196 2710 312 2760 sentenoe,
325 2705 400 2752 which
414 2712 521 2766 presente
537 2720 569 2752 no
601 2706 680 2753 Thoso
689 2707 743 2753 who
753 2707 901 2769 fixedovery
907 2708 965 2770 high
973 2708 1052 2757 stend-

117 2770 230 2831 diffioulty
248 2770 274 2816 in
291 2770 332 2816 the
353 2770 470 2830 meaning,
489 2770 533 2817 but
549 2770 569 2816 is
601 2770 678 2816 ardos
690 2771 795 2828 wiedom,
807 2772 864 2818 such
878 2788 904 2820 os
915 2774 957 2820 the
968 2773 1053 2829 Stoice,

118 2835 230 2897 irrogular
239 2834 301 2880 inite
312 2838 435 2880 structure.
452 2833 498 2881 We
506 2839 570 2881 must
601 2834 693 2882 refused
720 2837 761 2882 the
785 2850 856 2883 seven
876 2838 918 2884 the
939 2852 1010 2887 neme
1029 2836 1056 2887 ol

118 2901 193 2948 either
208 2899 277 2945 make
299 2901 458 2945 ‘te...esso
479 2899 570 2960 sopion-
602 2899 677 2947 Wise.
709 2898 878 2948 Theonewise
885 2916 942 2949 mun
951 2902 1054 2950 vasso-

118 2964 176 3013 tem’
193 2962 284 3025 depeud
303 2977 334 3009 on
350 2960 467 3019 ‘seimus’
486 2962 512 3009 in
529 2962 571 3010 the
602 2964 826 3021 crates,whointhe
836 2965 980 3027 Apologyof
988 2966 1055 3015 Puto

119 3028 195 3076 words
207 3028 305 3074 ‘snmus
312 3027 340 3075 L.
351 3026 449 3074 Atilium
511 3041 570 3088 quo·
603 3027 634 3089 (o.
646 3025 672 3088 ὅ)
690 3028 744 3075 tells
757 3028 810 3075 bow
825 3029 846 3075 it
863 3030 990 3091 happened
1001 3030 1056 3081 thie

119 3093 174 3140 dom
190 3092 261 3139 modo
268 3091 283 3149 ς’
300 3107 335 3147 or,
350 3106 375 3138 ss
392 3090 492 3152 Seyffert
508 3106 569 3152 says,
601 3092 643 3139 the
654 3092 730 3139 ornole
740 3092 846 3140 declared
856 3094 906 3141 him
916 3094 984 3145 such.

120 3158 140 3205 it
161 3160 224 3204 must
240 3156 332 3217 depend
348 3170 380 3202 ou
394 3154 435 3202 the
453 3155 572 3216 following
638 3156 919 3221 commutabilitatem]
942 3158 1057 3209 TheAu·

120 3221 177 3268 verb
196 3218 361 3276 ‘existimant’
377 3219 453 3266 which
473 3218 505 3266 he
522 3219 571 3267 oleo
603 3220 915 3284 gursmetoocosiouullyto
928 3222 1057 3273 delibem

121 3284 239 3331 oonsiders
254 3288 280 3331 to
295 3285 326 3332 be
348 3284 390 3332 the
411 3282 529 3346 prodiente
545 3288 572 3331 to
605 3283 777 3348 (commentari)
795 3300 827 3332 on
844 3286 902 3334 suoh
917 3292 1017 3337 mettere
1031 3302 1057 3336 ιι

114 3348 193 3393 ‘sieut
203 3348 436 3413 vulgum-‘reliqua
449 3348 547 3398 Graecia
555 3346 571 3395 ι’
603 3348 718 3409 belonged
728 3354 753 3395 to
763 3349 825 3396 their
835 3349 928 3409 dutiee3
942 3351 992 3401 end
1004 3352 1059 3401 tun

96 3408 127 3453 ΙΙ
137 3423 173 3454 we
183 3418 272 3475 Μωρέ
284 3415 326 3463 the
335 3415 439 3479 sending
450 3413 574 3480 ‘reliqum'
607 3414 651 3463 the
668 3414 758 3462 Nonus
769 3428 833 3460 uene
846 3429 864 3460 s.
874 3414 946 3479 uspnl
958 3414 1006 3477 dex
1020 3416 1060 3465 for

89 3470 170 3519 Which
191 3476 273 3527 Omni
293 3481 379 3542 omits,
392 3498 428 3533 wo
442 3487 511 3533 must
522 3482 582 3533 take
613 3474 1074 3541 meetmgmnnhelulmndmffi
