2174 3764
396 176 483 236 OAP.
503 176 572 238 XV.
593 176 680 236 XVl.
956 178 1012 236 107

69 355 167 396 mores
180 354 266 395 veros
285 332 394 393 amieos
413 353 514 415 perere
534 355 596 394 non
616 337 785 413 potuerunt,
801 332 842 393 rio
855 333 1014 394 multorum

70 448 141 508 opes
167 425 407 507 praepotentium
433 426 591 486 excludunt
617 425 758 485 amicitias
784 424 892 484 fideles.
942 426 1014 487 Non

71 520 150 579 enim
163 520 260 580 solum
273 522 337 598 ipsa
349 517 467 578 fortuna
486 538 570 578 caeca
589 523 643 591 est,
659 518 710 578 sed
723 537 773 590 eos
786 516 875 576 etiam
889 518 1014 595 plerum·

73 632 128 690 que
145 612 235 673 efficit
256 630 357 671 caecos
370 630 443 688 quos
463 611 610 690 complexa
631 614 686 669 est.
727 610 833 688 Itaque
852 610 1014 670 efferuntur

73 702 132 764 fere
153 703 274 764 fastidio
295 707 328 762 et
350 702 538 774 contumacia,
559 722 654 781 neque
678 701 834 780 quidquam
856 701 1014 780 insipiente

75 797 223 858 fortunato
241 795 455 856 intolerabilius
473 796 538 855 lieri
556 801 664 877 potest.
704 796 805 873 Atque
826 795 881 855 hoc
898 796 1014 874 quidem

77 889 168 951 videre
180 890 259 963 licet,
274 887 390 967 eosqui
401 892 488 947 antea
506 887 663 947 commodis
676 886 797 947 fluerunt
810 887 947 960 moribus,
961 888 1013 946 im-

78 981 161 1065 perio,
174 986 332 1069 pqtestate,
352 979 498 1058 prosperis
519 980 606 1039 rebus
627 978 783 1051 immutari,
803 979 901 1057 sperni
922 980 957 1039 ab
977 979 1014 1039 iis

80 1078 184 1133 veteres
197 1064 349 1145 amicitias,
362 1071 507 1150 indulgeri
525 1072 617 1131 novis.
658 1074 706 1130 55.
729 1071 808 1146 Quid
828 1076 927 1130 autem
940 1071 1013 1130 stul·
1043 1068 1073 1129 Τ

82 1163 136 1225 tius
157 1186 252 1244 quam,
275 1184 367 1244 quum
389 1163 546 1242 plurimum
569 1163 668 1242 copiis,
689 1163 886 1235 facultatibus,
910 1163 1013 1243 opibus

84 1257 194 1333 possint,
208 1263 308 1318 cetera
327 1276 430 1335 parare
450 1276 523 1335 quae
544 1260 685 1335 parantur
704 1255 835 1334 pecunia,
856 1274 953 1332 equos,
971 1254 1012 1313 fa-

85 1348 175 1422 mulos,
183 1354 297 1409 vestem
310 1347 464 1426 egregiam,
475 1368 542 1406 vasa
555 1347 698 1427 pretiosa;
712 1346 818 1405 amicos
832 1365 893 1404 non
902 1365 1012 1423 parare,

87 1439 212 1517 optimam
235 1445 267 1499 et
290 1439 512 1518 pisschemimam
531 1439 616 1512 vitae,
636 1444 672 1498 ut
696 1438 739 1497 ita
760 1438 859 1511 dicam,
875 1438 1013 1515 supellee-

88 1530 178 1593 tum?
217 1531 339 1592 Etenim
351 1535 447 1590 cetera
460 1551 550 1610 quum
562 1535 674 1610 parant,
689 1529 736 1590 cui
748 1533 854 1607 parent
868 1529 1012 1603 nesciunt,

89 1638 132 1683 neo
142 1625 225 1704 enjus
238 1642 327 1683 causa
339 1622 487 1695 laborent;
498 1623 570 1711 'ejus
591 1622 669 1681 enim
690 1626 735 1681 est
749 1621 874 1680 istorum
887 1621 1013 1700 quidque

489 1706 522 1725 ..ο-

90 1713 129 1790 qui
138 1714 226 1777 vincit
238 1714 369 1775 viribus:
390 1713 579 1773 amicitiarum
601 1733 654 1773 sua
673 1713 777 1792 cuique
790 1719 941 1793 permanet
955 1721 1012 1772 sta·

89 1802 142 1867 bilia
153 1814 183 1867 et
195 1812 278 1868 certa
289 1804 442 1885 possessio,
452 1811 487 1865 ut
497 1804 585 1864 etiam
599 1805 625 1865 si
637 1805 687 1864 illa
699 1811 844 1877 maneant,
855 1825 928 1883 quae
943 1812 1013 1865 sunt

90 1898 157 1973 qumi
175 1899 253 1959 dona
273 1898 419 1969 fortunae,
442 1903 543 1957 tamen
565 1897 626 1956 vita
650 1896 762 1957 inculta
789 1903 820 1975 et
841 1898 955 1957 deserta
975 1898 1011 1958 ab

89 1988 171 2049 micis
183 2010 246 2050 non
258 1987 352 2068 possit
365 2008 429 2047 esse
439 1987 578 2067 jucunda.
619 1988 675 2048 Sed
688 1988 759 2048 haee
772 1989 922 2048 hactenus.

44 2130 48 2151 .
117 2080 199 2143 XVI.
220 2084 269 2141 56.
292 2079 499 2140 Constitueudi
512 2084 582 2140 sunt
596 2084 694 2139 autem
705 2080 754 2159 qui
768 2081 827 2140 sint
840 2081 873 2140 in
886 2080 1012 2141 amicitia

109 2235 392 2297 Romano-immaturi]
413 2236 473 2283 Man
483 2236 527 2284 hos
558 2237 646 2298 merely
655 2235 791 2284 unveiled.'’
823 2238 875 2285 'Ibe
883 2252 974 2286 answer
983 2239 1012 2296 is,

84 2299 159 2365 always
175 2303 236 2350 boen
253 2302 296 2349 the
315 2315 387 2348 same.
421 2301 460 2348 He
473 2301 526 2348 who
557 2301 599 2348 the
617 2315 673 2347 man
689 2301 710 2347 is
727 2301 814 2363 merely
826 2302 949 2359 unveiled3
966 2302 1013 2349 end

82 2365 132 2415 ¹5!oe
147 2372 174 2415 to
191 2366 277 2415 weolth
294 2363 527 2427 andpoweriorgets
558 2364 626 2411 when
647 2379 703 2411 men
728 2379 768 2411 ere
795 2365 900 2426 stripped
926 2366 1012 2423 naked,

81 2427 344 2479 hitormerassoeiateo.
376 2428 473 2476 Wealth
480 2428 527 2474 and
559 2442 623 2475 some
633 2443 673 2475 ere
684 2443 748 2474 more
764 2428 814 2476 foul
824 2431 870 2476 and
887 2430 942 2490 ugly
953 2430 1013 2476 than

78 2506 152 2555 power
161 2494 231 2556 bring
245 2492 398 2554 temptatione
409 2491 486 2539 which
495 2506 527 2539 no
558 2492 645 2538 others.
667 2491 779 2539 Aristotle
790 2492 833 2539 has
843 2494 955 2555 anelyzed
965 2494 1013 2541 this

78 2557 420 2618 uoenaltogetherresiat3
436 2555 528 2616 though
559 2560 646 2602 matter
666 2557 691 2602 in
711 2556 748 2603 his
770 2557 891 2617 searehing
910 2573 961 2619 way
986 2573 1013 2605 as

77 2634 139 2671 muso
148 2636 215 2671 more
224 2622 284 2670 than
295 2621 383 2667 others.
405 2620 528 2667 Prideaud
559 2620 634 2666 usual.
668 2619 739 2667 Rhet.
751 2621 775 2667 ii.
789 2622 833 2678 163
850 2621 907 2668 Eth.
918 2621 1012 2668 Nioom.

76 2700 200 2749 mogrnoe
218 2701 260 2734 are
280 2684 343 2732 their
364 2683 457 2732 natural
484 2683 528 2730 off·
559 2684 590 2730 iv.
602 2685 625 2731 8.

76 2747 527 2813 qning,thatis,itisoonformableto
590 2746 711 2808 hamat]
749 2747 886 2796 ‘Fuerintt’
904 2747 1013 2808 Seyffert.

75 2811 528 2871 hmmmtmaitisahwoihuman
559 2810 606 2857 We
629 2826 683 2872 may
704 2826 745 2872 say
770 2812 851 2859 either.
896 2811 909 2858 I
936 2811 1014 2871 prefer

75 2884 158 2927 ntus
166 2879 221 2926 that
230 2891 310 2939 power
325 2875 373 2923 and
386 2875 471 2922 weelth
481 2875 529 2922 will
560 2874 688 2931 ‘fuerunt,’
707 2875 748 2922 the
766 2875 897 2931 indicative,
914 2874 1014 2921 because

75 2948 168 3005 αιτιοι
185 2956 201 2989 a
216 2956 282 2997 men,
299 2940 394 2986 iftheir
411 2939 528 2987 influenoe
560 2938 687 3000 Isuppose
698 2939 779 2986 Cicero
790 2945 815 2986 to
835 2938 917 2986 intend
934 2943 960 2984 to
972 2952 1013 2999 say

74 3006 156 3055 irnot
175 3005 288 3061 oheoked,
304 3003 341 3051 for
355 3003 375 3051 it
391 3008 478 3051 cannot
497 3002 529 3050 be
560 3004 623 3050 what
633 3003 675 3050 the
685 3002 809 3050 indicative
821 3015 948 3063 expresses.

73 3069 205 3132 dmoyed.
239 3068 358 3124 Plutarch,
376 3067 404 3114 in
419 3067 457 3115 his
476 3066 529 3114 Iu'fe
592 3067 851 3127 Parant,euiporont]
873 3065 1012 3122 ‘Parantur,

73 3134 101 3183 d
107 3135 183 3193 Sulla,
193 3148 215 3182 o.
225 3134 266 3189 ³0,
278 3136 348 3179 atarto
357 3131 400 3178 the
410 3131 526 3193 question,
559 3131 597 3177 eui
605 3128 735 3192 parenturi'
748 3129 1013 3191 Seyffert-‘vicituri-

74 3198 204 3247 “whether
221 3196 316 3245 fortune
330 3195 403 3257 really
413 3195 528 3257 produces
559 3193 626 3242 bnsz’
645 3193 715 3254 Seyff.

72 3262 237 3311 mehoration
249 3257 529 3320 audchangeinaman’s
594 3260 631 3305 lo.
652 3256 1014 3318 Corelliamdiruatoutemqai

73 3326 168 3375 maru
187 3324 336 3386 disposifiom
362 3338 390 3371 or
415 3322 527 3378 whether,
559 3323 620 3384 aial]
656 3321 725 3368 “We
742 3325 806 3366 must
822 3321 1015 3368 nowdetormino

74 3390 143 3439 when
159 3390 193 3438 he
209 3394 265 3449 geta
282 3394 307 3435 to
317 3402 406 3451 power,
425 3387 463 3436 his
481 3386 530 3437 bod
560 3385 729 3436 thelimitsol
742 3383 898 3447 hieuhslhpi‘
923 3388 973 3431 en.
996 3383 1034 3428 'xt-

68 3453 175 3513 quah'floe
198 3452 305 3499 hitherto
330 3452 460 3503 oonoealed
486 3469 531 3505 are
562 3451 862 3520 isdiffieiuttoseehow
873 3445 1053 3498 luccensem·
