2174 3764
258 163 556 227 EPISTOLARUM
574 164 694 226 LIBRI
713 162 812 228 DUO.
841 169 843 173 ’
876 180 880 188 ·
941 168 999 228 193

67 334 102 385 tu
123 321 317 385 concederes:
348 321 400 383 sed
419 342 548 401 proxime
574 320 676 402 scripsi
702 323 737 386 do
760 321 870 402 optimo
892 341 999 401 genero

67 413 189 487 dicandi,
202 412 306 491 inquo
326 433 410 492 saepe
428 413 591 492 suspicatus
612 434 675 474 sum
695 420 726 474 te
739 413 875 494 ajudioio
888 418 998 486 nostro,

67 505 107 566 sic
119 505 233 565 scilicet
246 509 281 564 ut
293 505 410 565 doctum
422 504 569 568 hominem
581 505 617 565 ab
627 526 688 566 non
700 505 826 579 indocto,
838 505 999 584 paullulum

68 596 215 657 dissidere.
256 595 337 656 Huic
362 601 399 656 tu
423 596 497 657 libro
523 596 646 656 maxime
671 597 756 656 velim
781 617 817 656 ex
843 597 947 671 anima,
974 595 1000 655 si

68 688 172 761 minua,
195 687 307 765 gratiae
328 707 415 748 causa
436 689 601 766 suffragare.
640 688 744 748 Dicam
764 688 824 748 tuis
836 694 872 750 ut
885 687 999 761 eum,ai

67 779 165 853 uelint,
181 778 346 838 describant
363 778 400 838 ad
416 784 505 858 teque
522 778 650 840 mittant.
692 780 768 839 Puto
787 780 873 854 onim,
887 777 1000 839 etiamsi

67 890 127 930 ram
146 870 246 930 minus
265 871 408 949 probabis,
419 875 519 933 tamen
535 871 568 932 in
582 871 640 932 ista
657 871 812 931 solitudine
831 871 999 951 quidquido

67 982 112 1022 me
124 961 290 1042 profectum
304 962 343 1021 sit
352 963 515 1042 jucundum
534 962 590 1022 tibi
608 961 678 1023 fore.
720 963 807 1039 Quod
819 965 890 1022 mihi
902 964 998 1023 existi·

67 1054 225 1114 mationem
235 1058 316 1113 tuam
324 1053 550 1133 dignitatemque
560 1055 749 1130 commendas,
759 1055 829 1114 facis
839 1060 874 1114 to
885 1056 999 1133 quidem

69 1145 199 1206 omnium
218 1164 317 1218 more;
338 1145 388 1204 sed
404 1145 490 1205 velim
511 1146 552 1206 sic
573 1146 726 1219 existimes,
739 1166 786 1205 me
806 1165 896 1224 quum
909 1146 999 1205 amori

69 1257 153 1316 qnam
161 1237 242 1296 inter
251 1257 305 1296 nos
313 1241 448 1296 mutuum
457 1257 521 1297 osse
531 1237 690 1316 intelligam
698 1237 855 1318 plurimum
864 1237 998 1310 tribuam,

68 1333 131 1391 tum
144 1329 182 1388 de
195 1348 307 1388 summo
319 1327 436 1406 ingenio
448 1333 479 1388 et
492 1329 527 1389 de
541 1329 645 1389 studiis
658 1330 718 1388 tuis
731 1328 848 1408 optimis
858 1333 888 1388 et
899 1328 934 1387 de
948 1348 998 1407 spe

70 1420 260 1500 amplissimae
274 1410 424 1497 dignitatis
439 1419 482 1479 ita
496 1420 626 1500 judicare
642 1426 678 1482 ut
691 1421 837 1482 neminem
849 1419 905 1481 tibi
918 1425 998 1480 ante·

70 1532 182 1595 ponam,
196 1531 360 1592 comparem
372 1531 488 1591 paucos.

125 1718 175 1777 25,
195 1715 237 1776 D.
256 1714 420 1775 BRUTUS
440 1715 529 1775 IMP.
551 1713 634 1775 OOS.
654 1713 821 1777 DESIGN.
842 1714 871 1777 S.
891 1715 931 1777 D.

430 1806 642 1867 CICERONI.
817 1835 818 1839 ¹

359 1922 416 1999 (n.
430 1926 458 1982 4.
498 1941 527 1982 a.
542 1940 572 1983 n.
587 1940 614 1983 o.
628 1921 709 2000 710.)

72 2039 148 2101 Side
160 2044 216 2100 tua
227 2038 260 2098 in
277 2058 325 2099 me
342 2039 493 2098 voluntate
511 2038 681 2114 dubitarem,
702 2038 801 2098 multis
819 2059 837 2099 a
853 2044 885 2098 te
905 2038 999 2100 verbis

62 2137 196 2210 peterem
209 2136 246 2190 ut
260 2130 431 2208 dignitatem
447 2151 540 2190 meam
559 2136 683 2192 tuerere.
723 2130 780 2192 Sed
802 2131 932 2210 profecto
954 2137 999 2191 est
1017 2177 1019 2181 .

72 2223 116 2298 ita,
126 2229 163 2284 ut
176 2222 248 2282 mihi
260 2221 398 2301 persuasi,
408 2242 455 2281 me
468 2222 523 2282 tibi
536 2241 599 2282 esse
612 2242 705 2282 curae.
746 2223 920 2300 Progressus
935 2243 999 2282 aum

71 2317 105 2377 ad
116 2315 269 2396 Inalpinos
282 2333 349 2374 cum
361 2314 498 2388 exercitu,
511 2334 573 2374 non
585 2319 646 2374 tam
658 2334 766 2374 nomen
783 2314 999 2395 imperatorium

100 2497 137 2544 Dr
158 2495 256 2556 optimo,
279 2492 334 2553 δια]
368 2492 425 2540 This
441 2493 461 2539 is
478 2492 520 2540 tha
549 2497 576 2540 to
595 2508 610 2540 a
627 2492 688 2554 good
704 2507 775 2554 many
791 2508 896 2556 persons,
912 2494 998 2556 princi-

71 2563 149 2608 manc
158 2556 519 2615 heatiaoDeOratore,inthraa
549 2557 614 2619 pully
628 2557 708 2604 slaves.
742 2558 804 2605 How
818 2559 870 2606 well
882 2558 929 2605 and
945 2559 998 2605 how

72 2621 149 2672 books.
551 2620 740 2684 quichlyabook
749 2621 936 2685 mayheoopied‚
945 2636 998 2684 may

99 2684 256 2746 noviom]
300 2684 352 2732 Tha
373 2683 442 2732 ‘tois'
465 2699 519 2745 may
549 2685 581 2732 ba
598 2699 653 2732 seen
671 2685 731 2732 from
751 2685 793 2733 the
810 2701 863 2748 way
879 2687 904 2733 in
923 2685 999 2732 which

70 2749 98 2799 ba
107 2766 173 2800 mmo
188 2749 216 2796 oi
228 2749 270 2796 tha
280 2749 354 2795 slaves
364 2763 391 2795 or
400 2748 519 2796 freedman
549 2749 610 2810 legal
619 2749 739 2810 pleadings
746 2749 952 2797 andinstmmcnts
959 2763 999 2797 are

71 2815 96 2862 ol
102 2814 254 2870 Cornificium
270 2813 361 2873 though
373 2814 415 2860 the
425 2827 519 2875 expres·
549 2828 602 2860 now
613 2814 693 2875 copied
703 2814 734 2876 by
743 2814 788 2861 law
798 2815 928 2861 stationem.

71 2880 118 2927 sion
129 2876 258 2928 ‘rivelint'
270 2891 324 2937 may
334 2891 396 2923 seem
412 2881 438 2924 to
451 2877 520 2924 make
582 2880 621 2924 26.
637 2878 660 2925 A
670 2878 739 2925 letter
746 2877 807 2924 from
816 2878 926 2924 Docimus
937 2876 998 2923 Bru·

71 2943 137 2992 ‘mis'
153 2957 225 2991 maan
240 2942 281 2989 the
296 2940 383 2988 friends
397 2941 423 2988 of
436 2940 518 2988 Corni-
550 2946 596 2998 tos,
607 2941 737 2989 oneofthe
748 2940 897 2988 aasassinaof
905 2939 996 2997 Caesar,

70 3008 134 3057 ocios
150 3012 177 3055 at
188 3007 271 3053 Rome.
305 3005 426 3060 Howewar.
438 3004 519 3052 Cicero
550 3005 641 3053 written
664 3004 723 3082 (mo.
743 3005 785 3067 44)
804 3004 864 3051 from
881 3004 998 3067 Cisalpine

70 3086 120 3135 says
135 3071 190 3120 that
205 3071 237 3117 ha
246 3069 294 3116 will
308 3070 350 3116 tell
364 3069 437 3125 them,
454 3069 519 3115 who·
551 3069 619 3126 Gaul,
630 3069 706 3117 which
715 3069 824 3130 province
833 3068 864 3115 ha
874 3067 929 3116 hold
938 3066 999 3115 after

71 3137 189 3198 mthcy
199 3149 254 3196 may
263 3132 301 3189 ba,
317 3138 342 3180 to
357 3133 426 3181 make
435 3148 450 3180 a
460 3147 520 3195 copy
550 3132 655 3181 Caesar’a
665 3133 743 3180 daath.

71 3200 96 3247 ol
102 3201 144 3249 the
154 3199 219 3247 work
235 3197 282 3245 and
298 3198 355 3244 send
368 3198 388 3244 it
398 3202 424 3244 to
435 3197 518 3244 Corni-
581 3197 714 3258 Inahps'aor]
747 3196 805 3244 This
824 3209 872 3244 was
894 3210 909 3242 a
929 3209 999 3242 name

70 3265 142 3322 taius,
153 3264 191 3311 sor
205 3263 225 3310 it
241 3261 317 3322 might
330 3261 382 3322 give
395 3261 444 3308 him
455 3275 520 3309 soma
550 3261 587 3308 for
597 3277 642 3323 any
653 3262 680 3308 of
692 3261 733 3308 tha
747 3261 831 3322 poopla
841 3260 893 3307 who
903 3258 963 3306 lived
974 3260 999 3306 in

71 3332 217 3376 mnscmcnt
232 3326 257 3373 in
272 3325 314 3372 the
330 3326 430 3373 solitudo
445 3325 473 3372 of
483 3325 520 3372 his
550 3325 593 3372 tha
609 3325 669 3386 Alps
686 3323 757 3401 (le.
775 3325 808 3371 H.
825 3323 858 3371 N.
875 3323 908 3370 ἱίἰ
925 3326 951 3377 4.
964 3323 1001 3383 ti,

64 3407 202 3504 hatto
216 3389 526 3522 ahlgt'lllllltll
552 3385 1047 3512 llllllalldiffilh
