2174 3764
261 173 561 236 EPISTOLARUM
579 177 699 238 LIBRI
717 177 818 239 DUO.
948 182 1007 240 251

71 355 127 414 quo
141 333 191 394 vel
203 332 359 411 plurimum
372 334 449 393 valet
462 333 621 394 Antonius.
663 336 762 411 Quum
775 355 876 396 omnes
886 356 918 397 sc
930 356 1008 396 rece·

70 427 186 507 pissent
210 424 304 484 nostri
325 425 448 499 ordines,
467 425 594 505 recipere
614 446 661 486 me
680 426 854 487 novissimus
872 427 954 507 coepi
970 428 1008 488 ad

71 524 176 580 castra.
217 516 366 577 Antonius
379 522 525 595 tamquam
538 517 631 577 victor
644 523 740 578 castra
748 519 864 598 putarit
877 540 908 579 se
921 539 1007 599 posse

72 629 193 690 capore3
213 628 269 687 quo
291 629 381 687 quum
401 610 491 682 venit,
514 610 677 688 complures
697 611 740 670 ibi
759 611 865 685 amisit,
878 632 933 672 nec
946 611 1008 690 egit

72 701 238 781 quidquam.
271 700 382 760 Audita
392 721 424 760 re
434 701 553 762 Hirtius
564 722 630 761 cum
638 702 805 763 cohortibus
814 704 920 782 viginti
928 709 1007 764 vete-

71 793 151 853 ranis
174 791 308 852 redeunti
327 793 459 852 Antonio
480 793 512 852 in
528 814 581 853 sua
598 800 693 854 castra
706 795 840 869 occurrit,
853 796 1008 876 copiasque

73 886 135 964 ejus
150 904 251 945 omncs
265 884 378 957 delevit,
392 885 523 962 fugavit3
543 886 701 966 eodemque
713 887 786 961 loco,
797 888 850 947 ubi
861 893 924 948 erat
934 908 1007 967 pug-

72 983 185 1049 natum,
199 976 236 1035 ad
249 977 359 1035 Forum
371 975 530 1051 Gallorum,
540 977 690 1037 Antonius
701 998 767 1038 cum
778 979 924 1058 equitibus
936 980 1008 1039 hora

72 1069 168 1130 noctis
179 1073 281 1147 quarta
290 1089 322 1128 se
331 1068 363 1126 in
372 1075 468 1128 castra
478 1089 530 1128 sua
539 1069 577 1129 ad
586 1069 735 1129 Mutinam
743 1069 860 1150 recepit.
888 1071 1007 1131 Hirtius

72 1162 104 1221 in
117 1181 152 1221 ea
166 1165 260 1220 castra
272 1161 360 1220 rediit
373 1161 451 1220 unde
470 1162 567 1220 Pansa
579 1160 697 1234 exierat,
712 1161 764 1221 ubi
785 1162 858 1222 duas
877 1162 1008 1240 legiones

72 1253 229 1332 reliquerat
239 1272 312 1331 quae
323 1253 359 1311 ab
369 1253 501 1312 Antonio
511 1258 595 1311 erant
605 1257 798 1332 oppugnatae.
839 1253 886 1312 Sic
894 1259 1008 1333 partem

72 1346 211 1425 majorem
224 1363 342 1404 suarum
356 1344 503 1423 copiamm
515 1344 666 1404 Antonius
686 1344 783 1404 amisit
795 1349 1006 1405 veteranarum.

73 1438 139 1497 Nec
151 1436 183 1496 id
196 1441 295 1495 tamen
309 1436 371 1495 sinc
384 1436 479 1514 aliqua
490 1437 607 1515 jactura
624 1436 786 1497 cohortium
798 1436 1008 1517 praetoriarum

72 1535 240 1590 nostrarum
253 1534 284 1588 et
297 1528 418 1606 legionis
432 1527 558 1587 Martiae
571 1528 635 1587 fieri
646 1529 753 1609 potuit.
786 1529 910 1609 Aquilae
924 1529 1008 1603 duae,

73 1621 157 1701 signa
171 1621 321 1698 sexaginta
334 1626 404 1679 sunt
417 1620 508 1680 relata
520 1611 654 1680 Antonii.
694 1621 756 1682 Res
768 1622 843 1683 beno
856 1627 940 1701 gesta
952 1627 1007 1683 est.
1070 1620 1073 1626 ’

72 1716 111 1775 Α.
126 1715 154 1774 d.
169 1732 226 1773 ΧΠ.
241 1713 390 1773 Kalendas
403 1713 508 1787 Maias,
523 1734 559 1773 ex
571 1713 684 1774 castris.

74 1886 122 1943 19.
142 1881 188 1940 M.
210 1880 363 1942 CICERO
384 1881 413 1940 S.
427 1880 467 1941 D.
481 1880 520 1940 D.
541 1880 682 1941 BRUTO
703 1881 792 1942 IMP.
815 1880 899 1942 OOS.
919 1881 1007 1943 Das.

357 1999 413 2075 (Π.
429 2001 476 2058 12.
516 2016 546 2058 n.
561 2017 591 2058 n.
607 2016 633 2058 c.
648 1996 730 2074 711.)

72 2118 145 2176 Tres
166 2136 226 2176 uno
248 2115 294 2174 die
312 2134 330 2174 a
347 2119 378 2174 te
396 2114 494 2194 accepi
513 2114 669 2194 epistolas3
688 2124 777 2175 unam
793 2113 909 2175 brevem
922 2135 1008 2193 quam

72 2210 178 2270 Flacco
187 2206 345 2269 Volumnio
356 2207 475 2267 dederas
486 2233 494 2281 ;
515 2208 586 2267 duas
596 2207 740 2287 pleniores
753 2228 875 2286 quarum
888 2208 1008 2268 alteram

71 2300 240 2362 tabellarius
262 2301 294 2360 Τ.
309 2299 390 2361 Vibii
411 2299 521 2372 attulit,
542 2300 662 2358 alteram
682 2300 719 2360 ad
736 2320 784 2360 me
801 2299 881 2359 misit
895 2299 1007 2379 Lupus.

72 2395 118 2454 Ex
130 2393 191 2454 tuis
204 2392 297 2453 literis
313 2397 344 2452 et
362 2412 398 2451 ex
411 2391 543 2452 Graecoii
559 2391 689 2451 oratione
710 2411 770 2451 non
782 2392 868 2452 modo
886 2412 947 2451 non
963 2411 1007 2451 re·

73 2486 215 2547 stinctum
233 2485 342 2544 bellum
364 2483 415 2543 scd
436 2483 524 2543 etiam
543 2482 755 2542 inflammatum
772 2482 895 2543 videtur.
936 2484 1008 2543 Non

72 2578 174 2639 dubito
188 2583 286 2638 autem
298 2597 352 2656 pro
366 2580 419 2634 tua
433 2574 572 2653 singulari
584 2574 740 2654 prudentia
759 2575 830 2654 quin
842 2573 1007 2655 perspicias,

73 2671 98 2729 si
119 2669 227 2748 aliquid
247 2667 393 2728 firmitatis
413 2672 517 2726 nactus
538 2666 577 2726 sit
597 2666 756 2741 Antonius,
773 2667 869 2728 omnia
889 2672 942 2726 tua
958 2666 1008 2727 illa

103 2875 215 2936 Aquilae,
226 2873 281 2935 &c.]
314 2870 485 2933 The‘aquila’
497 2884 525 2917 or
555 2869 741 2931 ‘signa,'inthe
751 2885 816 2918 more
827 2870 920 2931 general
931 2885 1007 2928 sense,

72 2940 145 3000 eagle,
167 2953 214 2984 was
232 2952 247 2983 a
265 2937 333 2982 small
353 2937 427 2996 figura
448 2934 476 2982 of
493 2949 524 2981 an
555 2949 615 2981 were
632 2934 674 2982 the
690 2935 812 2982 standands
826 2935 853 2981 of
865 2935 906 2981 tha
918 2935 1007 2982 ‘mani-

71 3004 144 3064 cagle,
154 3003 181 3049 of
190 3003 258 3048 silvei·
268 3015 295 3047 or
302 3001 369 3047 other
379 2999 458 3055 metal,
465 2999 522 3045 with
553 2996 621 3060 puli‚'
632 2999 659 3046 of
667 2999 742 3046 which
752 2999 819 3046 thare
829 3013 889 3046 wera
899 2999 972 3060 thirty
982 2999 1008 3046 in

72 3066 194 3129 expanded
210 3066 290 3125 wings.
324 3064 348 3110 It
365 3078 441 3110 wasa
460 3063 522 3123 ‘sig·
554 3062 706 3124 cochlagion.
739 3062 940 3110 Sosthenoteof
953 3063 1007 3111 Ma·

71 3131 145 3188 num,’
157 3146 183 3177 or
195 3130 295 3190 military
306 3128 431 3183 standard;
450 3126 494 3173 but
503 3127 523 3172 it
554 3127 642 3173 nutius.

70 3211 170 3258 appears
187 3194 248 3240 from
265 3194 313 3240 this
330 3192 376 3239 and
390 3191 458 3237 other
470 3205 523 3251 pas-
589 3192 625 3239 la.
657 3191 773 3247 Graeceis)
802 3191 857 3253 δια]
909 3191 1008 3238 “From

71 3276 136 3322 sager
153 3256 333 3317 that‘signum'
345 3271 391 3302 was
407 3254 524 3315 ageneral
555 3255 618 3301 what
641 3254 766 3302 Graeceius
792 3255 846 3302 tells
872 3254 935 3303 me.''
969 3255 1008 3303 He

70 3340 147 3380 name,
159 3323 207 3370 and
219 3320 317 3383 ‘aquila'
326 3336 341 3367 a
351 3319 437 3380 special
448 3333 523 3365 name.
556 3333 603 3365 was
620 3333 635 3365 a
652 3318 727 3365 friend
737 3317 765 3365 of
777 3318 866 3377 Cicero,
877 3321 931 3368 who
941 3334 1008 3367 men·

70 3390 122 3436 The
134 3386 235 3449 ‘aquila'
247 3401 293 3432 was
307 3385 348 3432 the
363 3383 486 3445 ‘signum'
498 3397 526 3430 or
556 3383 621 3432 tious
630 3382 875 3431 himseasxelhmes.

67 3451 180 3500 sundard
196 3449 390 3512 astrologiam
415 3447 463 3498 and
484 3448 529 3498 the
