2174 3764
117 176 157 234 eo
379 130 382 137 ⁵
488 173 675 233 nannius.

117 331 249 402 contulit,
268 351 375 409 poenes
395 329 438 389 rei
459 330 590 409 publicae
611 349 710 408 graves
726 326 878 408 justasque
896 328 1043 407 persolvit.

117 422 208 480 Nulla
228 426 273 480 est
292 422 383 499 igitur
398 422 543 481 excusatio
563 421 674 501 peccati
695 420 720 479 si
738 420 823 479 amici
841 441 927 480 causa
947 441 1044 500 pecca·

117 513 281 585 veris3nam
288 534 378 591 quum
385 514 561 572 conciliatrix
570 513 711 572 amicitiae
718 511 835 572 virtutis
843 512 939 591 opinio
947 512 1044 585 fuerit,

117 604 229 662 difficile
243 610 288 662 est
301 604 454 663 amicitiam
473 625 587 663 manere
608 605 633 664 si
649 625 667 663 a
684 604 793 689 virtute
812 603 956 663 defeceris.
997 607 1043 665 38.

118 694 204 769 Quod
218 695 243 753 si
254 701 366 755 rectum
381 696 566 756 statuerimus
576 697 621 756 vel
631 674 788 763 concedere
799 696 897 755 amicis
907 696 1044 775 quidquid

116 786 206 846 velint
220 787 265 845 vel
276 788 429 866 impetrare
448 789 484 848 ab
497 789 533 847 iis
552 788 690 868 quidquid
702 788 831 861 velimus,
844 788 973 867 perfecta
985 789 1043 868 qui-

117 878 182 937 dem
195 879 335 957 sapientia
349 880 445 952 simus,
456 880 480 938 si
492 879 564 938 nihil
578 880 681 939 habeat
694 900 740 938 res
749 879 828 939 vitii:
843 879 894 939 sed
903 879 1044 957 loquimur
1082 866 1085 911 3

117 969 152 1028 de
171 969 207 1027 iis
227 971 324 1030 amicis
344 972 394 1050 qui
415 976 483 1030 ante
503 971 601 1030 oculos
623 977 699 1044 sunt,
715 991 786 1049 quos
799 971 922 1031 vidimus
942 976 995 1031 aut
1010 971 1044 1031 de
1076 958 1085 967 '¹

116 1060 219 1138 quibus
240 1063 405 1121 memoriam
423 1062 592 1141 accepimus,
609 1082 680 1143 quos
699 1061 780 1120 novit
797 1061 858 1120 vita
877 1062 1041 1122 communis.

115 1153 161 1211 Ex
180 1154 235 1212 hoc
252 1175 372 1214 numero
391 1155 474 1213 nobis
495 1154 625 1233 exempla
644 1153 782 1213 sumenda
802 1158 881 1226 sunt,
895 1158 926 1212 et
947 1174 1043 1213 eorum

116 1245 231 1322 quidem
244 1246 365 1305 maxime
378 1246 428 1324 qui
440 1245 477 1305 ad
490 1245 659 1324 sapientiam
671 1244 799 1323 proxime
812 1245 964 1304 accedunt.
997 1248 1041 1304 39.

116 1337 256 1397 Videmus
270 1338 381 1417 Papum
394 1337 549 1396 Aemilium
564 1337 597 1396 0.
612 1335 738 1395 Luscino
757 1335 928 1395 familiarem
947 1335 1042 1408 titisse,

119 1428 174 1504 (sic
193 1449 211 1487 a
229 1429 359 1508 patribus
379 1429 560 1508 accepimus)
576 1428 620 1487 bis
639 1448 699 1487 una
717 1427 859 1499 consules,
873 1427 997 1505 collegas
1013 1427 1043 1487 in

117 1540 252 1580 censurat
281 1526 344 1580 tum
371 1526 401 1580 et
428 1541 496 1580 cum·
518 1519 553 1578 iis
580 1525 611 1579 et
636 1519 714 1578 inter
736 1539 767 1578 se
794 1518 1043 1598 conjunctissimos

115 1612 205 1671 fuisse
215 1612 269 1670 Μ’.
281 1612 401 1671 Curium
415 1611 721 1685 unicornuorum
730 1606 884 1687 memoriae
897 1610 1043 1689 proditum

117 1708 170 1763 est.
216 1702 313 1779 Igitur
335 1723 373 1761 ne
397 1702 535 1781 suspicari
559 1703 674 1780 quidem
696 1722 850 1781 possumus
874 1720 1044 1781 quemquam

116 1793 217 1852 horum
232 1793 267 1851 ab
281 1793 370 1852 amico
384 1793 530 1871 quidpiam
550 1793 733 1852 contendisse
745 1793 822 1870 quod
835 1799 938 1853 contra
950 1793 1044 1865 fidem,

116 1889 217 1943 contra
234 1884 444 1962 jusjurandum,
467 1891 568 1944 contra
588 1905 649 1944 rem
672 1885 816 1964 publicam
839 1890 926 1945 esset.
967 1885 1044 1967 Nem

115 1975 169 2033 hoc
182 1973 296 2051 quidem
315 1975 348 2033 in
359 1975 466 2034 talibus
479 1976 547 2034 viris
561 1976 630 2054 quid
647 1977 754 2035 attinet
771 1977 873 2050 dicere,
888 1977 913 2035 si
926 1982 1044 2037 conten·

115 2066 212 2136 disset,
235 2065 458 2143 impetraturum
483 2087 543 2126 non
569 2068 667 2139 fuisse,
691 2088 780 2146 quum
802 2068 845 2126 illi
872 2067 1045 2128 sanctissimi

114 2157 168 2216 viri
181 2157 297 2231 fuerint,
312 2178 400 2236 aeque
421 2164 518 2217 autem
536 2159 617 2217 nefas
638 2159 677 2218 sit
696 2160 754 2218 tale
774 2159 882 2238 aliquid
902 2165 933 2219 et
952 2158 1044 2220 facere

114 2254 246 2326 rogatum
260 2255 290 2308 et
303 2249 428 2327 rogare?
468 2250 511 2309 At
524 2270 590 2308 vero
604 2251 647 2310 Ti.
664 2251 827 2310 Gracchum
849 2251 1046 2329 sequebantur

116 2341 148 2400 0.
165 2341 266 2414 Carbo,
282 2342 315 2401 0.
332 2343 413 2414 Cato,
428 2347 458 2400 et
478 2342 594 2401 minime
614 2347 687 2402 tunc
705 2342 820 2420 quidem
840 2343 929 2404 Gaius
947 2342 1045 2417 frater,

113 2451 192 2491 nunc
204 2431 281 2491 idem
293 2433 456 2495 acerrimus.
482 2419 489 2489 s
512 2480 519 2487 ..
544 2460 548 2471 .

114 2611 196 2673 dinmy
206 2612 354 2658 commission
364 2615 390 2659 to
407 2613 498 2675 inquire
511 2614 562 2661 into
594 2611 673 2668 sirum,
684 2611 743 2659 nihil
750 2611 853 2670 habea:
865 2616 923 2660 &cr
939 2611 1045 2675 Meurig.

114 2681 179 2737 great
189 2675 271 2722 crimes
282 2676 416 2724 oroffences
424 2678 514 2738 against
522 2678 562 2724 the
622 2676 733 2737 Papam]
760 2676 805 2724 His
816 2691 943 2726 mmewes
955 2678 1045 2730 (hric-

115 2741 187 2788 State.
221 2739 332 2795 Blossius,
339 2740 359 2787 it
370 2755 452 2799 seems,
464 2741 563 2788 dreaded
594 2740 671 2787 milius
683 2740 766 2801 Papus,
779 2740 823 2788 but
833 2740 928 2790 helius
938 2745 995 2803 puts
1006 2742 1047 2790 the

114 2820 129 2851 a
143 2803 206 2851 fresh
223 2803 358 2865 ‘quaestio,'
377 2805 453 2851 whioh
471 2805 563 2866 implies
594 2818 723 2864 cognomen
730 2805 789 2859 first,
797 2803 845 2851 and
852 2805 923 2852 omits
931 2807 1046 2868 theprse·

114 2869 166 2916 that
176 2869 207 2915 he
216 2867 263 2914 hed
276 2872 320 2914 not
331 2867 391 2914 been
407 2869 527 2916 convicted
538 2869 563 2915 in
594 2882 696 2924 uomen3
712 2868 788 2915 which
805 2867 901 2916 berem
910 2884 926 2916 s
936 2884 1046 2919 common

114 2933 156 2980 the
176 2933 234 2979 first.
267 2932 295 2980 C.
313 2931 417 2978 Blossius
434 2933 461 2979 ol
475 2932 563 2981 Cumae
594 2933 694 2994 practice
704 2938 729 2980 at
739 2948 754 2979 a
764 2933 823 2980 later
833 2933 923 2994 period.

114 3011 168 3058 may
188 2996 247 3044 have
264 2995 325 3043 been
343 2995 370 3043 of
392 2996 469 3044 Greek
488 2998 561 3044 stock.
625 2998 931 3061 Naaeidemacerrimue.]
951 2999 1047 3047 helius

115 3060 154 3108 He
169 3076 216 3108 was
233 3075 248 3106 a
263 3060 358 3108 student
373 3061 401 3107 oi
412 3061 560 3122 philosophy,
592 3060 613 3108 is
640 3060 751 3122 sperling
772 3075 797 3107 ss
818 3076 833 3108 s
859 3066 1046 3125 wutemporsrp.

113 3125 161 3171 end
171 3125 213 3172 the
224 3125 345 3172 Scaevolae
358 3139 418 3172 were
424 3122 464 3171 his
475 3124 562 3172 friends
593 3124 756 3186 Immediately
766 3124 826 3172 after
835 3125 877 3172 the
887 3126 960 3174 death
969 3127 997 3175 ol
1009 3128 1047 3177 'lh

113 3189 160 3235 snd
170 3190 263 3250 patroni
273 3194 298 3236 at
308 3189 392 3236 Rome.
427 3189 560 3236 Heencou·
593 3188 719 3244 Gracchus,
736 3188 772 3235 his
788 3189 885 3237 brother
901 3190 972 3239 Caius
988 3192 1049 3241 ket

44 3260 47 3265 ’
113 3253 560 3311 ragedTi.Gracchusinhisrelorms‚
593 3253 664 3313 quiet,
685 3267 711 3299 as
731 3252 841 3301 Plutarch
858 3269 918 3317 says.
952 3208 1049 3307 stris

108 3314 263 3378 Hisstoryis
274 3317 323 3364 told
341 3317 373 3381 by
389 3317 498 3365 Plutarch
514 3315 560 3380 (Ti.
592 3315 687 3363 timeor
700 3317 742 3364 the
757 3317 828 3365 death
846 3317 873 3367 cl
887 3318 966 3380 Scipio
986 3320 1049 3385 (rac.

98 3376 199 3427 amech.
212 3396 233 3429 c.
250 3380 303 3446 20).
595 3377 699 3443 theim
706 3381 846 3442 nhichqeer
855 3383 898 3431 the
906 3383 1050 3447 dislossuis

117 3440 183 3503 Sap.
202 3447 291 3506 rimus,
313 3448 352 3513 ri]
388 3447 570 3515 ‘Sapientiasi
602 3445 723 3509 supposui
747 3453 776 3491 ln
797 3444 861 3491 lle-¹³2
882 3446 958 3492 We
977 3450 1057 3507 ehem
