<?xml version="1.0" encoding="UTF-8"?>
<!DOCTYPE html PUBLIC "-//W3C//DTD XHTML 1.0 Transitional//EN"
    "http://www.w3.org/TR/xhtml1/DTD/xhtml1-transitional.dtd">
<html xmlns="http://www.w3.org/1999/xhtml" xml:lang="en" lang="en">
 <head>
  <title>
</title>
<meta http-equiv="Content-Type" content="text/html;charset=utf-8" />
  <meta name='ocr-system' content='tesseract 3.04.00' />
  <meta name='ocr-capabilities' content='ocr_page ocr_carea ocr_par ocr_line ocrx_word'/>
</head>
<body>
  <div class='ocr_page' id='page_1' title='image "./mtulliiciceroni51cicegoog/mtulliiciceroni51cicegoog_0155.png"; bbox 0 0 2174 3764; ppageno 0'>
   <div class='ocr_carea' id='block_1_1' title="bbox 123 139 756 225">
    <p class='ocr_par' dir='ltr' id='par_1_1' title="bbox 123 139 756 225">
     <span class='ocr_line' id='line_1_1' title="bbox 123 139 756 225; baseline -0.005 -1"><span class='ocrx_word' id='word_1_1' title='bbox 123 162 181 225; x_wconf 84' lang='lat'><strong>112</strong></span> <span class='ocrx_word' id='word_1_2' title='bbox 340 157 343 167; x_wconf 79' lang='grc'><em>’</em></span> <span class='ocrx_word' id='word_1_3' title='bbox 499 139 756 222; x_wconf 58' lang='lat' dir='ltr'><strong>assumas</strong></span> 
     </span>
    </p>
   </div>
   <div class='ocr_carea' id='block_1_2' title="bbox 117 319 1063 2269">
    <p class='ocr_par' dir='ltr' id='par_1_2' title="bbox 120 319 1063 1026">
     <span class='ocr_line' id='line_1_2' title="bbox 121 319 1062 402; baseline 0.001 -19"><span class='ocrx_word' id='word_1_4' title='bbox 121 328 180 396; x_wconf 86' lang='lat' dir='ltr'><strong>tur,</strong></span> <span class='ocrx_word' id='word_1_5' title='bbox 195 322 262 402; x_wconf 88' lang='lat' dir='ltr'><strong>quia</strong></span> <span class='ocrx_word' id='word_1_6' title='bbox 274 341 335 382; x_wconf 90' lang='lat' dir='ltr'><strong>non</strong></span> <span class='ocrx_word' id='word_1_7' title='bbox 348 321 410 381; x_wconf 86' lang='lat' dir='ltr'><strong>sine</strong></span> <span class='ocrx_word' id='word_1_8' title='bbox 424 340 530 399; x_wconf 89' lang='lat' dir='ltr'><strong>magna</strong></span> <span class='ocrx_word' id='word_1_9' title='bbox 543 341 630 381; x_wconf 90' lang='lat' dir='ltr'><strong>causa</strong></span> <span class='ocrx_word' id='word_1_10' title='bbox 643 320 683 381; x_wconf 89' lang='lat' dir='ltr'><strong>sit</strong></span> <span class='ocrx_word' id='word_1_11' title='bbox 695 319 828 399; x_wconf 89' lang='lat' dir='ltr'><strong>neglecta</strong></span> <span class='ocrx_word' id='word_1_12' title='bbox 841 320 978 382; x_wconf 85' lang='lat' dir='ltr'><strong>amicitia.</strong></span> <span class='ocrx_word' id='word_1_13' title='bbox 1014 325 1062 385; x_wconf 80' lang='lat'><strong>64.</strong></span> 
     </span>
     <span class='ocr_line' id='line_1_3' title="bbox 122 413 1063 494; baseline 0.001 -19"><span class='ocrx_word' id='word_1_14' title='bbox 122 416 228 494; x_wconf 89' lang='lat' dir='ltr'><strong>Itaque</strong></span> <span class='ocrx_word' id='word_1_15' title='bbox 240 434 324 474; x_wconf 82' lang='lat' dir='ltr'><strong>verae</strong></span> <span class='ocrx_word' id='word_1_16' title='bbox 337 413 481 473; x_wconf 71' lang='lat' dir='ltr'><strong>amicitiae</strong></span> <span class='ocrx_word' id='word_1_17' title='bbox 494 413 660 474; x_wconf 88' lang='lat' dir='ltr'><strong>difficillime</strong></span> <span class='ocrx_word' id='word_1_18' title='bbox 673 413 860 492; x_wconf 84' lang='lat' dir='ltr'><strong>reperiuntur</strong></span> <span class='ocrx_word' id='word_1_19' title='bbox 871 413 904 473; x_wconf 93' lang='lat' dir='ltr'><strong>in</strong></span> <span class='ocrx_word' id='word_1_20' title='bbox 916 414 953 473; x_wconf 90' lang='lat' dir='ltr'><strong>iis</strong></span> <span class='ocrx_word' id='word_1_21' title='bbox 968 415 1020 494; x_wconf 94' lang='lat' dir='ltr'><strong>qui</strong></span> <span class='ocrx_word' id='word_1_22' title='bbox 1031 415 1063 476; x_wconf 92' lang='lat' dir='ltr'><strong>in</strong></span> 
     </span>
     <span class='ocr_line' id='line_1_4' title="bbox 121 505 1062 585; baseline 0.001 -19"><span class='ocrx_word' id='word_1_23' title='bbox 121 506 280 566; x_wconf 82' lang='lat' dir='ltr'><strong>honoribus</strong></span> <span class='ocrx_word' id='word_1_24' title='bbox 302 514 395 584; x_wconf 86' lang='lat' dir='ltr'><strong>reque&#39;</strong></span> <span class='ocrx_word' id='word_1_25' title='bbox 411 505 528 585; x_wconf 90' lang='lat' dir='ltr'><strong>publica</strong></span> <span class='ocrx_word' id='word_1_26' title='bbox 541 513 702 565; x_wconf 78' lang='lat' dir='ltr'><strong>versantur.</strong></span> <span class='ocrx_word' id='word_1_27' title='bbox 743 505 805 564; x_wconf 90' lang='lat' dir='ltr'><strong>Ubi</strong></span> <span class='ocrx_word' id='word_1_28' title='bbox 816 505 897 565; x_wconf 89' lang='lat' dir='ltr'><strong>enim</strong></span> <span class='ocrx_word' id='word_1_29' title='bbox 913 505 1007 566; x_wconf 89' lang='lat' dir='ltr'><strong>istum</strong></span> <span class='ocrx_word' id='word_1_30' title='bbox 1019 506 1062 567; x_wconf 92' lang='lat' dir='ltr'><strong>in·</strong></span> 
     </span>
     <span class='ocr_line' id='line_1_5' title="bbox 120 595 1063 677; baseline 0.002 -19"><span class='ocrx_word' id='word_1_31' title='bbox 120 599 219 658; x_wconf 86' lang='lat' dir='ltr'><strong>venias</strong></span> <span class='ocrx_word' id='word_1_32' title='bbox 232 598 282 677; x_wconf 95' lang='lat' dir='ltr'><strong>qui</strong></span> <span class='ocrx_word' id='word_1_33' title='bbox 294 597 434 656; x_wconf 86' lang='lat' dir='ltr'>honorem</span> <span class='ocrx_word' id='word_1_34' title='bbox 448 596 532 656; x_wconf 89' lang='lat' dir='ltr'><strong>amici</strong></span> <span class='ocrx_word' id='word_1_35' title='bbox 546 601 707 675; x_wconf 91' lang='lat' dir='ltr'><strong>anteponat</strong></span> <span class='ocrx_word' id='word_1_36' title='bbox 720 595 799 658; x_wconf 79' lang='lat' dir='ltr'><strong>suo?</strong></span> <span class='ocrx_word' id='word_1_37' title='bbox 840 597 928 674; x_wconf 75' lang='lat' dir='ltr'><strong>Quid,</strong></span> <span class='ocrx_word' id='word_1_38' title='bbox 942 599 1016 658; x_wconf 87' lang='lat' dir='ltr'><strong>baec</strong></span> <span class='ocrx_word' id='word_1_39' title='bbox 1027 604 1063 660; x_wconf 86' lang='lat' dir='ltr'><strong>ut</strong></span> 
     </span>
     <span class='ocr_line' id='line_1_6' title="bbox 120 674 1063 769; baseline 0.001 -20"><span class='ocrx_word' id='word_1_40' title='bbox 120 689 263 762; x_wconf 82' lang='lat' dir='ltr'><strong>omittam,</strong></span> <span class='ocrx_word' id='word_1_41' title='bbox 277 709 364 768; x_wconf 91' lang='lat' dir='ltr'><strong>quam</strong></span> <span class='ocrx_word' id='word_1_42' title='bbox 383 708 493 766; x_wconf 87' lang='lat' dir='ltr'><strong>graves,</strong></span> <span class='ocrx_word' id='word_1_43' title='bbox 507 709 594 768; x_wconf 91' lang='lat' dir='ltr'><strong>quam</strong></span> <span class='ocrx_word' id='word_1_44' title='bbox 615 687 744 748; x_wconf 88' lang='lat' dir='ltr'><strong>difficiles</strong></span> <span class='ocrx_word' id='word_1_45' title='bbox 763 674 911 769; x_wconf 65' lang='lat' dir='ltr'><strong>plerisque</strong></span> <span class='ocrx_word' id='word_1_46' title='bbox 925 689 1063 751; x_wconf 81' lang='lat' dir='ltr'><strong>videntur</strong></span> 
     </span>
     <span class='ocr_line' id='line_1_7' title="bbox 120 779 1062 861; baseline -0.001 -18"><span class='ocrx_word' id='word_1_47' title='bbox 120 781 318 843; x_wconf 74' lang='lat' dir='ltr'><strong>calamitatum</strong></span> <span class='ocrx_word' id='word_1_48' title='bbox 332 781 494 853; x_wconf 77' lang='lat' dir='ltr'><strong>societates,</strong></span> <span class='ocrx_word' id='word_1_49' title='bbox 507 780 545 839; x_wconf 89' lang='lat' dir='ltr'><strong>ad</strong></span> <span class='ocrx_word' id='word_1_50' title='bbox 558 801 629 858; x_wconf 85' lang='lat' dir='ltr'><strong>quas</strong></span> <span class='ocrx_word' id='word_1_51' title='bbox 642 800 703 839; x_wconf 88' lang='lat' dir='ltr'><strong>non</strong></span> <span class='ocrx_word' id='word_1_52' title='bbox 719 784 765 839; x_wconf 88' lang='lat' dir='ltr'><strong>est</strong></span> <span class='ocrx_word' id='word_1_53' title='bbox 777 779 863 840; x_wconf 89' lang='lat' dir='ltr'><strong>facile</strong></span> <span class='ocrx_word' id='word_1_54' title='bbox 876 780 1001 841; x_wconf 84' lang='lat' dir='ltr'><strong>inventu</strong></span> <span class='ocrx_word' id='word_1_55' title='bbox 1013 783 1062 861; x_wconf 89' lang='lat' dir='ltr'><strong>qui</strong></span> 
     </span>
     <span class='ocr_line' id='line_1_8' title="bbox 121 872 727 952; baseline -0.002 -20"><span class='ocrx_word' id='word_1_56' title='bbox 121 872 294 934; x_wconf 82' lang='lat' dir='ltr'><strong>descendat:</strong></span> <span class='ocrx_word' id='word_1_57' title='bbox 316 892 489 952; x_wconf 91' lang='lat' dir='ltr'><strong>quamquam</strong></span> <span class='ocrx_word' id='word_1_58' title='bbox 502 872 617 931; x_wconf 87' lang='lat' dir='ltr'><strong>Ennius</strong></span> <span class='ocrx_word' id='word_1_59' title='bbox 629 876 727 931; x_wconf 88' lang='lat' dir='ltr'><strong>recte:</strong></span> 
     </span>
     <span class='ocr_line' id='line_1_9' title="bbox 342 977 826 1026; baseline -0.004 0"><span class='ocrx_word' id='word_1_60' title='bbox 342 977 439 1026; x_wconf 84' lang='lat' dir='ltr'><strong>Amicus</strong></span> <span class='ocrx_word' id='word_1_61' title='bbox 450 981 528 1025; x_wconf 85' lang='lat' dir='ltr'><strong>certus</strong></span> <span class='ocrx_word' id='word_1_62' title='bbox 539 977 564 1024; x_wconf 88' lang='lat' dir='ltr'><strong>in</strong></span> <span class='ocrx_word' id='word_1_63' title='bbox 573 991 600 1024; x_wconf 88' lang='lat' dir='ltr'><strong>re</strong></span> <span class='ocrx_word' id='word_1_64' title='bbox 610 977 700 1024; x_wconf 86' lang='lat' dir='ltr'><strong>incerta</strong></span> <span class='ocrx_word' id='word_1_65' title='bbox 710 977 826 1025; x_wconf 75' lang='lat' dir='ltr'><strong>cerniturt</strong></span> 
     </span>
    </p>

    <p class='ocr_par' dir='ltr' id='par_1_3' title="bbox 119 1079 1059 1327">
     <span class='ocr_line' id='line_1_10' title="bbox 119 1079 1059 1159; baseline 0 -20"><span class='ocrx_word' id='word_1_66' title='bbox 119 1085 220 1141; x_wconf 90' lang='lat' dir='ltr'><strong>tamen</strong></span> <span class='ocrx_word' id='word_1_67' title='bbox 243 1081 313 1142; x_wconf 85' lang='lat' dir='ltr'><strong>haec</strong></span> <span class='ocrx_word' id='word_1_68' title='bbox 334 1081 391 1142; x_wconf 92' lang='lat' dir='ltr'><strong>duo</strong></span> <span class='ocrx_word' id='word_1_69' title='bbox 413 1080 541 1141; x_wconf 88' lang='lat' dir='ltr'><strong>levitatis</strong></span> <span class='ocrx_word' id='word_1_70' title='bbox 564 1085 595 1140; x_wconf 92' lang='lat' dir='ltr'><strong>et</strong></span> <span class='ocrx_word' id='word_1_71' title='bbox 614 1079 793 1139; x_wconf 83' lang='lat' dir='ltr'><strong>infirmitatis</strong></span> <span class='ocrx_word' id='word_1_72' title='bbox 816 1079 972 1159; x_wconf 92' lang='lat' dir='ltr'><strong>plerosque</strong></span> <span class='ocrx_word' id='word_1_73' title='bbox 995 1100 1059 1141; x_wconf 86' lang='lat' dir='ltr'><strong>con·</strong></span> 
     </span>
     <span class='ocr_line' id='line_1_11' title="bbox 119 1171 1059 1247; baseline 0.001 -16"><span class='ocrx_word' id='word_1_74' title='bbox 119 1171 249 1247; x_wconf 80' lang='lat' dir='ltr'><strong>vincunt,</strong></span> <span class='ocrx_word' id='word_1_75' title='bbox 263 1179 315 1234; x_wconf 90' lang='lat' dir='ltr'><strong>aut</strong></span> <span class='ocrx_word' id='word_1_76' title='bbox 332 1173 359 1234; x_wconf 94' lang='lat' dir='ltr'><strong>si</strong></span> <span class='ocrx_word' id='word_1_77' title='bbox 376 1174 409 1234; x_wconf 91' lang='lat' dir='ltr'><strong>in</strong></span> <span class='ocrx_word' id='word_1_78' title='bbox 428 1172 513 1234; x_wconf 90' lang='lat' dir='ltr'><strong>bonis</strong></span> <span class='ocrx_word' id='word_1_79' title='bbox 532 1171 620 1232; x_wconf 88' lang='lat' dir='ltr'><strong>rebus</strong></span> <span class='ocrx_word' id='word_1_80' title='bbox 640 1176 843 1245; x_wconf 91' lang='lat' dir='ltr'><strong>contemnunt,</strong></span> <span class='ocrx_word' id='word_1_81' title='bbox 857 1178 911 1232; x_wconf 90' lang='lat' dir='ltr'><strong>aut</strong></span> <span class='ocrx_word' id='word_1_82' title='bbox 929 1172 962 1232; x_wconf 91' lang='lat' dir='ltr'><strong>in</strong></span> <span class='ocrx_word' id='word_1_83' title='bbox 979 1172 1059 1232; x_wconf 88' lang='lat' dir='ltr'><strong>malis</strong></span> 
     </span>
     <span class='ocr_line' id='line_1_12' title="bbox 120 1264 864 1327; baseline 0.011 -3"><span class='ocrx_word' id='word_1_84' title='bbox 120 1264 268 1327; x_wconf 88' lang='lat' dir='ltr'><strong>deserunt.</strong></span> <span class='ocrx_word' id='word_1_85' title='bbox 861 1265 864 1272; x_wconf 71' lang='grc'><strong>’</strong></span> 
     </span>
    </p>

    <p class='ocr_par' dir='ltr' id='par_1_4' title="bbox 117 1356 1058 2269">
     <span class='ocr_line' id='line_1_13' title="bbox 159 1356 1057 1438; baseline -0.002 -19"><span class='ocrx_word' id='word_1_86' title='bbox 159 1360 283 1420; x_wconf 85' lang='lat' dir='ltr'>XVHI.</span> <span class='ocrx_word' id='word_1_87' title='bbox 306 1358 365 1435; x_wconf 76' lang='lat' dir='ltr'><strong>Qui</strong></span> <span class='ocrx_word' id='word_1_88' title='bbox 378 1358 470 1438; x_wconf 86' lang='lat' dir='ltr'><strong>igitur</strong></span> <span class='ocrx_word' id='word_1_89' title='bbox 481 1361 606 1437; x_wconf 85' lang='lat' dir='ltr'><strong>utraque</strong></span> <span class='ocrx_word' id='word_1_90' title='bbox 626 1356 659 1415; x_wconf 91' lang='lat' dir='ltr'><strong>in</strong></span> <span class='ocrx_word' id='word_1_91' title='bbox 678 1376 710 1415; x_wconf 90' lang='lat' dir='ltr'><strong>re</strong></span> <span class='ocrx_word' id='word_1_92' title='bbox 730 1375 855 1434; x_wconf 85' lang='lat' dir='ltr'><strong>gravem,</strong></span> <span class='ocrx_word' id='word_1_93' title='bbox 869 1361 1057 1428; x_wconf 86' lang='lat' dir='ltr'><strong>constantem,</strong></span> 
     </span>
     <span class='ocr_line' id='line_1_14' title="bbox 120 1448 1057 1531; baseline -0.001 -21"><span class='ocrx_word' id='word_1_94' title='bbox 120 1451 254 1511; x_wconf 90' lang='lat' dir='ltr'><strong>stabilem</strong></span> <span class='ocrx_word' id='word_1_95' title='bbox 268 1472 299 1512; x_wconf 92' lang='lat' dir='ltr'><strong>se</strong></span> <span class='ocrx_word' id='word_1_96' title='bbox 312 1451 345 1511; x_wconf 93' lang='lat' dir='ltr'><strong>in</strong></span> <span class='ocrx_word' id='word_1_97' title='bbox 364 1451 491 1511; x_wconf 90' lang='lat' dir='ltr'><strong>amicitia</strong></span> <span class='ocrx_word' id='word_1_98' title='bbox 510 1448 699 1531; x_wconf 87' lang='lat' dir='ltr'><strong>praestiterit,</strong></span> <span class='ocrx_word' id='word_1_99' title='bbox 713 1449 792 1508; x_wconf 92' lang='lat' dir='ltr'><strong>hunc</strong></span> <span class='ocrx_word' id='word_1_100' title='bbox 810 1468 846 1507; x_wconf 90' lang='lat' dir='ltr'><strong>ex</strong></span> <span class='ocrx_word' id='word_1_101' title='bbox 859 1449 983 1509; x_wconf 83' lang='lat' dir='ltr'><strong>maxime</strong></span> <span class='ocrx_word' id='word_1_102' title='bbox 996 1468 1057 1508; x_wconf 83' lang='lat' dir='ltr'><strong>raro</strong></span> 
     </span>
     <span class='ocr_line' id='line_1_15' title="bbox 119 1540 1055 1624; baseline -0.004 -21"><span class='ocrx_word' id='word_1_103' title='bbox 119 1543 269 1603; x_wconf 91' lang='lat' dir='ltr'><strong>hominum</strong></span> <span class='ocrx_word' id='word_1_104' title='bbox 283 1564 389 1622; x_wconf 86' lang='lat' dir='ltr'><strong>genere</strong></span> <span class='ocrx_word' id='word_1_105' title='bbox 398 1543 531 1624; x_wconf 87' lang='lat' dir='ltr'><strong>judicare</strong></span> <span class='ocrx_word' id='word_1_106' title='bbox 552 1541 689 1601; x_wconf 92' lang='lat' dir='ltr'><strong>debemus</strong></span> <span class='ocrx_word' id='word_1_107' title='bbox 709 1546 740 1600; x_wconf 92' lang='lat' dir='ltr'><strong>et</strong></span> <span class='ocrx_word' id='word_1_108' title='bbox 750 1560 852 1619; x_wconf 75' lang='lat' dir='ltr'><strong>,paene</strong></span> <span class='ocrx_word' id='word_1_109' title='bbox 865 1540 972 1600; x_wconf 82' lang='lat' dir='ltr'><strong>divino.</strong></span> <span class='ocrx_word' id='word_1_110' title='bbox 1012 1543 1055 1601; x_wconf 81' lang='grc'><strong>65.</strong></span> 
     </span>
     <span class='ocr_line' id='line_1_16' title="bbox 120 1625 1057 1713; baseline -0.002 -19"><span class='ocrx_word' id='word_1_111' title='bbox 120 1636 350 1695; x_wconf 81' lang='lat' dir='ltr'><strong>Firmamentum</strong></span> <span class='ocrx_word' id='word_1_112' title='bbox 360 1641 459 1694; x_wconf 90' lang='lat' dir='ltr'><strong>autem</strong></span> <span class='ocrx_word' id='word_1_113' title='bbox 470 1625 637 1694; x_wconf 84' lang='lat' dir='ltr'><strong>stabilitatis</strong></span> <span class='ocrx_word' id='word_1_114' title='bbox 648 1632 887 1711; x_wconf 83' lang='lat' dir='ltr'><strong>constantiaeque</strong></span> <span class='ocrx_word' id='word_1_115' title='bbox 901 1633 965 1713; x_wconf 89' lang='lat' dir='ltr'><strong>ejus</strong></span> <span class='ocrx_word' id='word_1_116' title='bbox 975 1653 1057 1712; x_wconf 89' lang='lat' dir='ltr'><strong>quam</strong></span> 
     </span>
     <span class='ocr_line' id='line_1_17' title="bbox 118 1723 1054 1805; baseline -0.001 -19"><span class='ocrx_word' id='word_1_117' title='bbox 118 1728 151 1785; x_wconf 90' lang='lat' dir='ltr'><strong>in</strong></span> <span class='ocrx_word' id='word_1_118' title='bbox 172 1726 298 1786; x_wconf 89' lang='lat' dir='ltr'><strong>amicitia</strong></span> <span class='ocrx_word' id='word_1_119' title='bbox 316 1726 480 1805; x_wconf 89' lang='lat' dir='ltr'><strong>quaerimus</strong></span> <span class='ocrx_word' id='word_1_120' title='bbox 501 1726 572 1785; x_wconf 88' lang='lat' dir='ltr'><strong>fides</strong></span> <span class='ocrx_word' id='word_1_121' title='bbox 593 1729 646 1784; x_wconf 90' lang='lat' dir='ltr'><strong>est.</strong></span> <span class='ocrx_word' id='word_1_122' title='bbox 687 1723 771 1784; x_wconf 90' lang='lat' dir='ltr'><strong>Nihil</strong></span> <span class='ocrx_word' id='word_1_123' title='bbox 791 1724 870 1783; x_wconf 91' lang='lat' dir='ltr'><strong>enim</strong></span> <span class='ocrx_word' id='word_1_124' title='bbox 892 1725 995 1785; x_wconf 89' lang='lat' dir='ltr'><strong>stabile</strong></span> <span class='ocrx_word' id='word_1_125' title='bbox 1014 1730 1054 1784; x_wconf 86' lang='lat' dir='ltr'><strong>est</strong></span> 
     </span>
     <span class='ocr_line' id='line_1_18' title="bbox 119 1817 1053 1905; baseline -0.001 -29"><span class='ocrx_word' id='word_1_126' title='bbox 119 1818 196 1895; x_wconf 93' lang='lat' dir='ltr'><strong>quod</strong></span> <span class='ocrx_word' id='word_1_127' title='bbox 209 1818 339 1876; x_wconf 90' lang='lat' dir='ltr'><strong>infidum.</strong></span> <span class='ocrx_word' id='word_1_128' title='bbox 374 1817 539 1905; x_wconf 69' lang='lat' dir='ltr'><strong>Simph‘pem</strong></span> <span class='ocrx_word' id='word_1_129' title='bbox 553 1823 702 1896; x_wconf 86' lang='lat' dir='ltr'><strong>praeterea</strong></span> <span class='ocrx_word' id='word_1_130' title='bbox 715 1823 746 1876; x_wconf 92' lang='lat' dir='ltr'><strong>et</strong></span> <span class='ocrx_word' id='word_1_131' title='bbox 756 1835 939 1876; x_wconf 90' lang='lat' dir='ltr'><strong>communem</strong></span> <span class='ocrx_word' id='word_1_132' title='bbox 951 1823 981 1877; x_wconf 93' lang='lat' dir='ltr'><strong>et</strong></span> <span class='ocrx_word' id='word_1_133' title='bbox 994 1837 1053 1877; x_wconf 88' lang='lat' dir='ltr'><strong>con-</strong></span> 
     </span>
     <span class='ocr_line' id='line_1_19' title="bbox 120 1908 1052 1988; baseline 0.001 -21"><span class='ocrx_word' id='word_1_134' title='bbox 120 1909 297 1968; x_wconf 89' lang='lat' dir='ltr'><strong>sentientem</strong></span> <span class='ocrx_word' id='word_1_135' title='bbox 311 1909 361 1988; x_wconf 92' lang='lat' dir='ltr'><strong>qui</strong></span> <span class='ocrx_word' id='word_1_136' title='bbox 373 1909 461 1969; x_wconf 88' lang='lat' dir='ltr'><strong>rebus</strong></span> <span class='ocrx_word' id='word_1_137' title='bbox 475 1908 577 1968; x_wconf 91' lang='lat' dir='ltr'><strong>iisdem</strong></span> <span class='ocrx_word' id='word_1_138' title='bbox 590 1914 740 1968; x_wconf 89' lang='lat' dir='ltr'><strong>moveatur</strong></span> <span class='ocrx_word' id='word_1_139' title='bbox 753 1908 822 1986; x_wconf 84' lang='lat' dir='ltr'><strong>eligi</strong></span> <span class='ocrx_word' id='word_1_140' title='bbox 837 1929 891 1988; x_wconf 85' lang='lat' dir='ltr'><strong>par</strong></span> <span class='ocrx_word' id='word_1_141' title='bbox 904 1916 967 1982; x_wconf 84' lang='lat' dir='ltr'><strong>est3</strong></span> <span class='ocrx_word' id='word_1_142' title='bbox 987 1927 1052 1988; x_wconf 87' lang='lat' dir='ltr'><strong>quae</strong></span> 
     </span>
     <span class='ocr_line' id='line_1_20' title="bbox 119 2001 1053 2081; baseline 0.002 -22"><span class='ocrx_word' id='word_1_143' title='bbox 119 2001 215 2060; x_wconf 89' lang='lat' dir='ltr'><strong>omnia</strong></span> <span class='ocrx_word' id='word_1_144' title='bbox 228 2001 378 2080; x_wconf 90' lang='lat' dir='ltr'><strong>pertinent</strong></span> <span class='ocrx_word' id='word_1_145' title='bbox 392 2002 428 2061; x_wconf 90' lang='lat' dir='ltr'><strong>ad</strong></span> <span class='ocrx_word' id='word_1_146' title='bbox 439 2001 617 2061; x_wconf 88' lang='lat' dir='ltr'><strong>fidelitatem.</strong></span> <span class='ocrx_word' id='word_1_147' title='bbox 652 2001 758 2080; x_wconf 90' lang='lat' dir='ltr'><strong>Neque</strong></span> <span class='ocrx_word' id='word_1_148' title='bbox 768 2002 847 2060; x_wconf 91' lang='lat' dir='ltr'><strong>enim</strong></span> <span class='ocrx_word' id='word_1_149' title='bbox 856 2001 948 2061; x_wconf 90' lang='lat' dir='ltr'><strong>fidum</strong></span> <span class='ocrx_word' id='word_1_150' title='bbox 961 2005 1053 2081; x_wconf 90' lang='lat' dir='ltr'><strong>potest</strong></span> 
     </span>
     <span class='ocr_line' id='line_1_21' title="bbox 118 2091 1053 2172; baseline 0 -19"><span class='ocrx_word' id='word_1_151' title='bbox 118 2114 181 2153; x_wconf 88' lang='lat' dir='ltr'><strong>esse</strong></span> <span class='ocrx_word' id='word_1_152' title='bbox 201 2093 353 2172; x_wconf 86' lang='lat' dir='ltr'><strong>multiplex</strong></span> <span class='ocrx_word' id='word_1_153' title='bbox 372 2093 522 2172; x_wconf 84' lang='lat' dir='ltr'><strong>ingenium</strong></span> <span class='ocrx_word' id='word_1_154' title='bbox 544 2100 574 2153; x_wconf 92' lang='lat' dir='ltr'><strong>et</strong></span> <span class='ocrx_word' id='word_1_155' title='bbox 595 2099 781 2166; x_wconf 84' lang='lat' dir='ltr'><strong>tortuosum3</strong></span> <span class='ocrx_word' id='word_1_156' title='bbox 800 2113 897 2172; x_wconf 90' lang='lat' dir='ltr'><strong>neque</strong></span> <span class='ocrx_word' id='word_1_157' title='bbox 917 2113 994 2167; x_wconf 83' lang='lat' dir='ltr'><strong>vero,</strong></span> <span class='ocrx_word' id='word_1_158' title='bbox 1007 2091 1053 2172; x_wconf 83' lang='lat' dir='ltr'><strong>qui</strong></span> 
     </span>
     <span class='ocr_line' id='line_1_22' title="bbox 117 2185 1058 2269; baseline 0 -25"><span class='ocrx_word' id='word_1_159' title='bbox 117 2206 178 2245; x_wconf 93' lang='lat' dir='ltr'><strong>non</strong></span> <span class='ocrx_word' id='word_1_160' title='bbox 191 2185 295 2245; x_wconf 89' lang='lat' dir='ltr'><strong>iisdem</strong></span> <span class='ocrx_word' id='word_1_161' title='bbox 307 2186 395 2245; x_wconf 89' lang='lat' dir='ltr'><strong>rebus</strong></span> <span class='ocrx_word' id='word_1_162' title='bbox 415 2192 548 2245; x_wconf 88' lang='lat' dir='ltr'><strong>movetur</strong></span> <span class='ocrx_word' id='word_1_163' title='bbox 565 2191 729 2264; x_wconf 76' lang='lat' dir='ltr'><strong>natinaque</strong></span> <span class='ocrx_word' id='word_1_164' title='bbox 748 2186 904 2258; x_wconf 89' lang='lat' dir='ltr'><strong>consentit,</strong></span> <span class='ocrx_word' id='word_1_165' title='bbox 918 2192 970 2246; x_wconf 91' lang='lat' dir='ltr'><strong>aut</strong></span> <span class='ocrx_word' id='word_1_166' title='bbox 983 2185 1058 2269; x_wconf 28' lang='lat' dir='ltr'><strong>fidus·</strong></span> 
     </span>
    </p>
   </div>
   <div class='ocr_carea' id='block_1_3' title="bbox 87 2300 1078 3461">
    <p class='ocr_par' dir='ltr' id='par_1_5' title="bbox 87 2300 1078 3461">
     <span class='ocr_line' id='line_1_23' title="bbox 117 2300 1078 2365; baseline 0.001 -16"><span class='ocrx_word' id='word_1_167' title='bbox 117 2303 201 2365; x_wconf 85' lang='lat' dir='ltr'><strong>phrase</strong></span> <span class='ocrx_word' id='word_1_168' title='bbox 213 2307 357 2364; x_wconf 80' lang='lat' dir='ltr'><strong>‘spectatum</strong></span> <span class='ocrx_word' id='word_1_169' title='bbox 368 2301 413 2350; x_wconf 89' lang='lat' dir='ltr'><strong>eo.&#39;</strong></span> <span class='ocrx_word' id='word_1_170' title='bbox 446 2303 470 2349; x_wconf 94' lang='lat' dir='ltr'><strong>It</strong></span> <span class='ocrx_word' id='word_1_171' title='bbox 482 2302 571 2350; x_wconf 82' lang='lat' dir='ltr'><strong>follows</strong></span> <span class='ocrx_word' id='word_1_172' title='bbox 603 2303 687 2365; x_wconf 86' lang='lat' dir='ltr'><strong>simple</strong></span> <span class='ocrx_word' id='word_1_173' title='bbox 697 2304 823 2360; x_wconf 86' lang='lat' dir='ltr'><strong>character,</strong></span> <span class='ocrx_word' id='word_1_174' title='bbox 835 2302 925 2350; x_wconf 91' lang='lat' dir='ltr'><strong>whoin</strong></span> <span class='ocrx_word' id='word_1_175' title='bbox 937 2300 1078 2363; x_wconf 64' lang='lat' dir='ltr'><strong>matinga!-</strong></span> 
     </span>
     <span class='ocr_line' id='line_1_24' title="bbox 116 2366 1053 2429; baseline 0.002 -16"><span class='ocrx_word' id='word_1_176' title='bbox 116 2368 169 2414; x_wconf 88' lang='lat' dir='ltr'><strong>that</strong></span> <span class='ocrx_word' id='word_1_177' title='bbox 180 2372 186 2394; x_wconf 83' lang='lat'><em>⁴</em></span> <span class='ocrx_word' id='word_1_178' title='bbox 196 2366 354 2414; x_wconf 85' lang='lat' dir='ltr'><strong>obscuratum’</strong></span> <span class='ocrx_word' id='word_1_179' title='bbox 367 2371 432 2414; x_wconf 91' lang='lat' dir='ltr'><strong>must</strong></span> <span class='ocrx_word' id='word_1_180' title='bbox 442 2382 528 2428; x_wconf 81' lang='lat' dir='ltr'><strong>govern</strong></span> <span class='ocrx_word' id='word_1_181' title='bbox 540 2382 570 2414; x_wconf 89' lang='lat' dir='ltr'><strong>an</strong></span> <span class='ocrx_word' id='word_1_182' title='bbox 602 2374 657 2429; x_wconf 90' lang='lat' dir='ltr'><strong>puts</strong></span> <span class='ocrx_word' id='word_1_183' title='bbox 674 2367 769 2414; x_wconf 87' lang='lat' dir='ltr'><strong>himself</strong></span> <span class='ocrx_word' id='word_1_184' title='bbox 783 2382 815 2414; x_wconf 90' lang='lat' dir='ltr'><strong>cn</strong></span> <span class='ocrx_word' id='word_1_185' title='bbox 831 2367 872 2414; x_wconf 89' lang='lat' dir='ltr'><strong>the</strong></span> <span class='ocrx_word' id='word_1_186' title='bbox 888 2382 952 2415; x_wconf 86' lang='lat' dir='ltr'><strong>same</strong></span> <span class='ocrx_word' id='word_1_187' title='bbox 967 2367 1053 2428; x_wconf 75' lang='lat' dir='ltr'><strong>footing</strong></span> 
     </span>
     <span class='ocr_line' id='line_1_25' title="bbox 116 2428 1059 2493; baseline -0.001 -15"><span class='ocrx_word' id='word_1_188' title='bbox 116 2432 247 2478; x_wconf 89' lang='lat' dir='ltr'><strong>accusative</strong></span> <span class='ocrx_word' id='word_1_189' title='bbox 274 2432 422 2493; x_wconf 79' lang='lat' dir='ltr'><strong>suppressed,</strong></span> <span class='ocrx_word' id='word_1_190' title='bbox 444 2432 520 2478; x_wconf 80' lang='lat' dir='ltr'><strong>which</strong></span> <span class='ocrx_word' id='word_1_191' title='bbox 542 2431 569 2488; x_wconf 91' lang='lat' dir='ltr'><strong>is,</strong></span> <span class='ocrx_word' id='word_1_192' title='bbox 601 2446 627 2478; x_wconf 88' lang='lat' dir='ltr'><strong>as</strong></span> <span class='ocrx_word' id='word_1_193' title='bbox 638 2431 725 2486; x_wconf 82' lang='lat' dir='ltr'><strong>others,</strong></span> <span class='ocrx_word' id='word_1_194' title='bbox 737 2431 784 2478; x_wconf 88' lang='lat' dir='ltr'><strong>and</strong></span> <span class='ocrx_word' id='word_1_195' title='bbox 795 2431 863 2478; x_wconf 84' lang='lat' dir='ltr'><strong>hasa</strong></span> <span class='ocrx_word' id='word_1_196' title='bbox 877 2432 1021 2493; x_wconf 83' lang='lat' dir='ltr'><strong>community</strong></span> <span class='ocrx_word' id='word_1_197' title='bbox 1030 2428 1059 2478; x_wconf 85' lang='lat' dir='ltr'><strong>of</strong></span> 
     </span>
     <span class='ocr_line' id='line_1_26' title="bbox 118 2492 1070 2557; baseline 0.002 -16"><span class='ocrx_word' id='word_1_198' title='bbox 118 2496 261 2556; x_wconf 86' lang='lat' dir='ltr'><strong>‘neglectam</strong></span> <span class='ocrx_word' id='word_1_199' title='bbox 278 2494 420 2554; x_wconf 86' lang='lat' dir='ltr'><strong>amicitiam‚&#39;</strong></span> <span class='ocrx_word' id='word_1_200' title='bbox 432 2512 459 2544; x_wconf 92' lang='lat' dir='ltr'><strong>or</strong></span> <span class='ocrx_word' id='word_1_201' title='bbox 470 2498 570 2557; x_wconf 87' lang='lat' dir='ltr'><strong>perhaps</strong></span> <span class='ocrx_word' id='word_1_202' title='bbox 601 2496 687 2556; x_wconf 82' lang='lat' dir='ltr'><strong>feeling</strong></span> <span class='ocrx_word' id='word_1_203' title='bbox 697 2496 754 2542; x_wconf 89' lang='lat' dir='ltr'><strong>with</strong></span> <span class='ocrx_word' id='word_1_204' title='bbox 764 2495 830 2542; x_wconf 90' lang='lat' dir='ltr'><strong>them</strong></span> <span class='ocrx_word' id='word_1_205' title='bbox 840 2495 864 2553; x_wconf 86' lang='lat'><strong>;”</strong></span> <span class='ocrx_word' id='word_1_206' title='bbox 877 2496 921 2542; x_wconf 89' lang='lat' dir='ltr'><strong>but</strong></span> <span class='ocrx_word' id='word_1_207' title='bbox 929 2510 964 2543; x_wconf 88' lang='lat' dir='ltr'><strong>we</strong></span> <span class='ocrx_word' id='word_1_208' title='bbox 970 2500 1053 2543; x_wconf 82' lang='lat' dir='ltr'><strong>cannot</strong></span> <span class='ocrx_word' id='word_1_209' title='bbox 1063 2492 1070 2535; x_wconf 70' lang='lat' dir='ltr'><strong>&#39;a</strong></span> 
     </span>
     <span class='ocr_line' id='line_1_27' title="bbox 115 2558 1051 2616; baseline 0.001 -10"><span class='ocrx_word' id='word_1_210' title='bbox 115 2560 195 2607; x_wconf 87' lang='lat' dir='ltr'><strong>rather</strong></span> <span class='ocrx_word' id='word_1_211' title='bbox 215 2561 256 2607; x_wconf 94' lang='lat' dir='ltr'><strong>the</strong></span> <span class='ocrx_word' id='word_1_212' title='bbox 277 2561 352 2607; x_wconf 91' lang='lat' dir='ltr'><strong>whole</strong></span> <span class='ocrx_word' id='word_1_213' title='bbox 370 2561 397 2607; x_wconf 85' lang='lat' dir='ltr'><strong>of</strong></span> <span class='ocrx_word' id='word_1_214' title='bbox 415 2560 457 2608; x_wconf 90' lang='lat' dir='ltr'><strong>the</strong></span> <span class='ocrx_word' id='word_1_215' title='bbox 478 2562 568 2616; x_wconf 77' lang='lat' dir='ltr'><strong>notiori,</strong></span> <span class='ocrx_word' id='word_1_216' title='bbox 601 2574 643 2607; x_wconf 90' lang='lat' dir='ltr'><strong>use</strong></span> <span class='ocrx_word' id='word_1_217' title='bbox 656 2558 787 2606; x_wconf 79' lang='lat' dir='ltr'><strong>‘common’</strong></span> <span class='ocrx_word' id='word_1_218' title='bbox 799 2574 826 2606; x_wconf 83' lang='lat' dir='ltr'><strong>as</strong></span> <span class='ocrx_word' id='word_1_219' title='bbox 837 2560 878 2607; x_wconf 92' lang='lat' dir='ltr'><strong>the</strong></span> <span class='ocrx_word' id='word_1_220' title='bbox 891 2560 996 2607; x_wconf 84' lang='lat' dir='ltr'><strong>Romans</strong></span> <span class='ocrx_word' id='word_1_221' title='bbox 1006 2559 1051 2616; x_wconf 87' lang='lat' dir='ltr'><strong>did,</strong></span> 
     </span>
     <span class='ocr_line' id='line_1_28' title="bbox 117 2624 1052 2686; baseline -0.001 -15"><span class='ocrx_word' id='word_1_222' title='bbox 117 2625 183 2671; x_wconf 82' lang='lat' dir='ltr'><strong>“the</strong></span> <span class='ocrx_word' id='word_1_223' title='bbox 202 2625 323 2685; x_wconf 87' lang='lat' dir='ltr'><strong>obtaining</strong></span> <span class='ocrx_word' id='word_1_224' title='bbox 342 2624 369 2672; x_wconf 94' lang='lat' dir='ltr'><strong>of</strong></span> <span class='ocrx_word' id='word_1_225' title='bbox 387 2640 465 2686; x_wconf 88' lang='lat' dir='ltr'><strong>power</strong></span> <span class='ocrx_word' id='word_1_226' title='bbox 485 2630 510 2672; x_wconf 89' lang='lat' dir='ltr'><strong>to</strong></span> <span class='ocrx_word' id='word_1_227' title='bbox 528 2624 569 2672; x_wconf 87' lang='lat' dir='ltr'><strong>the</strong></span> <span class='ocrx_word' id='word_1_228' title='bbox 601 2639 644 2671; x_wconf 88' lang='lat' dir='ltr'><strong>nor</strong></span> <span class='ocrx_word' id='word_1_229' title='bbox 662 2624 721 2671; x_wconf 85' lang='lat' dir='ltr'><strong>have</strong></span> <span class='ocrx_word' id='word_1_230' title='bbox 739 2639 774 2670; x_wconf 94' lang='lat' dir='ltr'><strong>we</strong></span> <span class='ocrx_word' id='word_1_231' title='bbox 794 2638 841 2685; x_wconf 87' lang='lat' dir='ltr'><strong>any</strong></span> <span class='ocrx_word' id='word_1_232' title='bbox 859 2624 928 2671; x_wconf 89' lang='lat' dir='ltr'><strong>other</strong></span> <span class='ocrx_word' id='word_1_233' title='bbox 946 2624 1009 2672; x_wconf 86' lang='lat' dir='ltr'><strong>word</strong></span> <span class='ocrx_word' id='word_1_234' title='bbox 1028 2629 1052 2670; x_wconf 84' lang='lat' dir='ltr'><strong>to</strong></span> 
     </span>
     <span class='ocr_line' id='line_1_29' title="bbox 115 2687 1053 2750; baseline -0.001 -15"><span class='ocrx_word' id='word_1_235' title='bbox 115 2689 245 2750; x_wconf 77' lang='lat' dir='ltr'><strong>neglectos</strong></span> <span class='ocrx_word' id='word_1_236' title='bbox 258 2687 412 2750; x_wconf 68' lang='lat' dir='ltr'><strong>mendshipJ’</strong></span> <span class='ocrx_word' id='word_1_237' title='bbox 602 2703 696 2750; x_wconf 86' lang='lat' dir='ltr'><strong>express</strong></span> <span class='ocrx_word' id='word_1_238' title='bbox 714 2688 755 2735; x_wconf 91' lang='lat' dir='ltr'><strong>the</strong></span> <span class='ocrx_word' id='word_1_239' title='bbox 772 2689 864 2735; x_wconf 77' lang='lat' dir='ltr'><strong>norton.</strong></span> <span class='ocrx_word' id='word_1_240' title='bbox 897 2688 949 2736; x_wconf 84' lang='lat' dir='ltr'><strong>The</strong></span> <span class='ocrx_word' id='word_1_241' title='bbox 967 2688 1053 2736; x_wconf 82' lang='lat' dir='ltr'><strong>Greeks</strong></span> 
     </span>
     <span class='ocr_line' id='line_1_30' title="bbox 150 2751 1053 2814; baseline -0.001 -13"><span class='ocrx_word' id='word_1_242' title='bbox 150 2756 187 2802; x_wconf 83' lang='grc'><strong>18.</strong></span> <span class='ocrx_word' id='word_1_243' title='bbox 208 2754 314 2814; x_wconf 85' lang='lat' dir='ltr'><strong>Utraque</strong></span> <span class='ocrx_word' id='word_1_244' title='bbox 326 2755 351 2801; x_wconf 80' lang='lat' dir='ltr'><strong>ia</strong></span> <span class='ocrx_word' id='word_1_245' title='bbox 359 2754 397 2814; x_wconf 88' lang='lat' dir='ltr'><strong>re]</strong></span> <span class='ocrx_word' id='word_1_246' title='bbox 432 2752 570 2800; x_wconf 88' lang='lat' dir='ltr'><strong>Bothinhis</strong></span> <span class='ocrx_word' id='word_1_247' title='bbox 602 2751 670 2800; x_wconf 84' lang='lat' dir='ltr'><strong>could</strong></span> <span class='ocrx_word' id='word_1_248' title='bbox 681 2767 723 2800; x_wconf 88' lang='lat' dir='ltr'><strong>use</strong></span> <span class='ocrx_word' id='word_1_249' title='bbox 735 2752 815 2808; x_wconf 80' lang='grc' dir='ltr'>κοινός</span> <span class='ocrx_word' id='word_1_250' title='bbox 826 2753 851 2799; x_wconf 88' lang='lat' dir='ltr'><strong>in</strong></span> <span class='ocrx_word' id='word_1_251' title='bbox 862 2752 904 2799; x_wconf 90' lang='lat' dir='ltr'><strong>the</strong></span> <span class='ocrx_word' id='word_1_252' title='bbox 914 2767 978 2800; x_wconf 86' lang='lat' dir='ltr'><strong>same</strong></span> <span class='ocrx_word' id='word_1_253' title='bbox 989 2765 1053 2800; x_wconf 85' lang='lat' dir='ltr'><strong>sense</strong></span> 
     </span>
     <span class='ocr_line' id='line_1_31' title="bbox 115 2814 1051 2880; baseline -0.001 -15"><span class='ocrx_word' id='word_1_254' title='bbox 115 2833 168 2865; x_wconf 89' lang='lat' dir='ltr'><strong>own</strong></span> <span class='ocrx_word' id='word_1_255' title='bbox 179 2819 317 2880; x_wconf 73' lang='lat' dir='ltr'><strong>prcsperhy,</strong></span> <span class='ocrx_word' id='word_1_256' title='bbox 330 2817 376 2864; x_wconf 89' lang='lat' dir='ltr'><strong>and</strong></span> <span class='ocrx_word' id='word_1_257' title='bbox 390 2818 416 2864; x_wconf 90' lang='lat' dir='ltr'><strong>in</strong></span> <span class='ocrx_word' id='word_1_258' title='bbox 428 2817 465 2863; x_wconf 90' lang='lat' dir='ltr'><strong>his</strong></span> <span class='ocrx_word' id='word_1_259' title='bbox 473 2815 570 2864; x_wconf 83' lang='lat' dir='ltr'><strong>friend’s</strong></span> <span class='ocrx_word' id='word_1_260' title='bbox 601 2831 627 2863; x_wconf 88' lang='lat' dir='ltr'><strong>as</strong></span> <span class='ocrx_word' id='word_1_261' title='bbox 649 2816 690 2864; x_wconf 91' lang='lat' dir='ltr'><strong>the</strong></span> <span class='ocrx_word' id='word_1_262' title='bbox 712 2817 816 2863; x_wconf 78' lang='lat' dir='ltr'><strong>Remans</strong></span> <span class='ocrx_word' id='word_1_263' title='bbox 835 2816 876 2863; x_wconf 90' lang='lat' dir='ltr'><strong>did</strong></span> <span class='ocrx_word' id='word_1_264' title='bbox 893 2814 1051 2864; x_wconf 81' lang='lat' dir='ltr'><strong>‘communis&#39;</strong></span> 
     </span>
     <span class='ocr_line' id='line_1_32' title="bbox 114 2879 1053 2944; baseline -0.002 -15"><span class='ocrx_word' id='word_1_265' title='bbox 114 2880 569 2944; x_wconf 79' lang='lat' dir='ltr'><strong>adversity.-⁴Consentientem:&#39;‘oon·</strong></span> <span class='ocrx_word' id='word_1_266' title='bbox 601 2880 654 2928; x_wconf 87' lang='lat' dir='ltr'><strong>The</strong></span> <span class='ocrx_word' id='word_1_267' title='bbox 673 2895 740 2928; x_wconf 90' lang='lat' dir='ltr'><strong>sense</strong></span> <span class='ocrx_word' id='word_1_268' title='bbox 759 2881 786 2927; x_wconf 86' lang='lat' dir='ltr'><strong>of</strong></span> <span class='ocrx_word' id='word_1_269' title='bbox 805 2879 1011 2938; x_wconf 68' lang='lat' dir='ltr'><strong>‘communicans’</strong></span> <span class='ocrx_word' id='word_1_270' title='bbox 1029 2883 1053 2927; x_wconf 83' lang='lat' dir='ltr'><strong>at</strong></span> 
     </span>
     <span class='ocr_line' id='line_1_33' title="bbox 114 2944 1052 3007; baseline -0.003 -12"><span class='ocrx_word' id='word_1_271' title='bbox 114 2948 263 3003; x_wconf 90' lang='lat' dir='ltr'><strong>sentientem,</strong></span> <span class='ocrx_word' id='word_1_272' title='bbox 275 2947 298 2993; x_wconf 89' lang='lat' dir='ltr'><strong>id</strong></span> <span class='ocrx_word' id='word_1_273' title='bbox 310 2952 353 3003; x_wconf 86' lang='lat' dir='ltr'><strong>est,</strong></span> <span class='ocrx_word' id='word_1_274' title='bbox 364 2944 428 3007; x_wconf 61' lang='lat' dir='ltr'><strong>qui:l</strong></span> <span class='ocrx_word' id='word_1_275' title='bbox 446 2946 516 3006; x_wconf 76' lang='lat' dir='ltr'><strong>Seyff.</strong></span> <span class='ocrx_word' id='word_1_276' title='bbox 599 2944 641 2991; x_wconf 89' lang='lat' dir='ltr'><strong>the</strong></span> <span class='ocrx_word' id='word_1_277' title='bbox 663 2945 709 2991; x_wconf 90' lang='lat' dir='ltr'><strong>end</strong></span> <span class='ocrx_word' id='word_1_278' title='bbox 730 2944 757 2991; x_wconf 88' lang='lat' dir='ltr'><strong>of</strong></span> <span class='ocrx_word' id='word_1_279' title='bbox 780 2945 877 3006; x_wconf 86' lang='lat' dir='ltr'><strong>chapter</strong></span> <span class='ocrx_word' id='word_1_280' title='bbox 900 2946 924 3002; x_wconf 83' lang='lat'><strong>6,</strong></span> <span class='ocrx_word' id='word_1_281' title='bbox 949 2945 1052 2993; x_wconf 74' lang='lat' dir='ltr'><strong>00an</strong></span> 
     </span>
     <span class='ocr_line' id='line_1_34' title="bbox 149 3008 1051 3072; baseline -0.003 -14"><span class='ocrx_word' id='word_1_282' title='bbox 149 3011 310 3072; x_wconf 73' lang='lat' dir='ltr'><strong>Communem]</strong></span> <span class='ocrx_word' id='word_1_283' title='bbox 345 3010 421 3056; x_wconf 91' lang='lat' dir='ltr'><strong>There</strong></span> <span class='ocrx_word' id='word_1_284' title='bbox 435 3009 497 3055; x_wconf 91' lang='lat' dir='ltr'><strong>isno</strong></span> <span class='ocrx_word' id='word_1_285' title='bbox 508 3008 568 3055; x_wconf 88' lang='lat' dir='ltr'><strong>diffi-</strong></span> <span class='ocrx_word' id='word_1_286' title='bbox 600 3009 734 3069; x_wconf 79' lang='lat' dir='ltr'><strong>something</strong></span> <span class='ocrx_word' id='word_1_287' title='bbox 744 3009 771 3055; x_wconf 85' lang='lat' dir='ltr'><strong>of</strong></span> <span class='ocrx_word' id='word_1_288' title='bbox 783 3009 825 3056; x_wconf 92' lang='lat' dir='ltr'><strong>the</strong></span> <span class='ocrx_word' id='word_1_289' title='bbox 838 3009 921 3056; x_wconf 73' lang='lat' dir='ltr'><strong>hodon</strong></span> <span class='ocrx_word' id='word_1_290' title='bbox 933 3009 961 3057; x_wconf 89' lang='lat' dir='ltr'><strong>of</strong></span> <span class='ocrx_word' id='word_1_291' title='bbox 975 3013 1051 3057; x_wconf 75' lang='lat' dir='ltr'><strong>‘com</strong></span> 
     </span>
     <span class='ocr_line' id='line_1_35' title="bbox 114 3070 1051 3136; baseline -0.004 -14"><span class='ocrx_word' id='word_1_292' title='bbox 114 3076 178 3136; x_wconf 85' lang='lat' dir='ltr'><strong>oulty</strong></span> <span class='ocrx_word' id='word_1_293' title='bbox 199 3075 224 3122; x_wconf 93' lang='lat' dir='ltr'><strong>in</strong></span> <span class='ocrx_word' id='word_1_294' title='bbox 246 3075 287 3122; x_wconf 92' lang='lat' dir='ltr'><strong>the</strong></span> <span class='ocrx_word' id='word_1_295' title='bbox 313 3074 450 3121; x_wconf 85' lang='lat' dir='ltr'><strong>translation</strong></span> <span class='ocrx_word' id='word_1_296' title='bbox 471 3073 498 3119; x_wconf 86' lang='lat' dir='ltr'><strong>of</strong></span> <span class='ocrx_word' id='word_1_297' title='bbox 520 3073 569 3119; x_wconf 86' lang='lat' dir='ltr'><strong>this</strong></span> <span class='ocrx_word' id='word_1_298' title='bbox 600 3072 686 3120; x_wconf 88' lang='lat' dir='ltr'><strong>munis&#39;</strong></span> <span class='ocrx_word' id='word_1_299' title='bbox 705 3073 769 3129; x_wconf 89' lang='lat' dir='ltr'><strong>here,</strong></span> <span class='ocrx_word' id='word_1_300' title='bbox 789 3073 837 3120; x_wconf 89' lang='lat' dir='ltr'><strong>and</strong></span> <span class='ocrx_word' id='word_1_301' title='bbox 856 3070 1051 3121; x_wconf 79' lang='lat' dir='ltr'><strong>‘communicent&#39;</strong></span> 
     </span>
     <span class='ocr_line' id='line_1_36' title="bbox 113 3134 1052 3198; baseline 0 -13"><span class='ocrx_word' id='word_1_302' title='bbox 113 3140 176 3186; x_wconf 91' lang='lat' dir='ltr'><strong>word</strong></span> <span class='ocrx_word' id='word_1_303' title='bbox 188 3139 210 3185; x_wconf 83' lang='lat' dir='ltr'><strong>if</strong></span> <span class='ocrx_word' id='word_1_304' title='bbox 221 3154 256 3186; x_wconf 91' lang='lat' dir='ltr'><strong>we</strong></span> <span class='ocrx_word' id='word_1_305' title='bbox 267 3139 334 3185; x_wconf 89' lang='lat' dir='ltr'><strong>avoid</strong></span> <span class='ocrx_word' id='word_1_306' title='bbox 345 3138 387 3185; x_wconf 91' lang='lat' dir='ltr'><strong>the</strong></span> <span class='ocrx_word' id='word_1_307' title='bbox 398 3137 569 3198; x_wconf 86' lang='lat' dir='ltr'><strong>Englishword</strong></span> <span class='ocrx_word' id='word_1_308' title='bbox 600 3137 624 3184; x_wconf 92' lang='lat' dir='ltr'><strong>in</strong></span> <span class='ocrx_word' id='word_1_309' title='bbox 636 3151 656 3184; x_wconf 88' lang='lat' dir='ltr'><strong>c.</strong></span> <span class='ocrx_word' id='word_1_310' title='bbox 668 3140 705 3186; x_wconf 88' lang='grc'><strong>19.</strong></span> <span class='ocrx_word' id='word_1_311' title='bbox 739 3138 784 3184; x_wconf 83' lang='lat' dir='ltr'><strong>See</strong></span> <span class='ocrx_word' id='word_1_312' title='bbox 800 3138 838 3184; x_wconf 90' lang='lat' dir='ltr'><strong>De</strong></span> <span class='ocrx_word' id='word_1_313' title='bbox 853 3137 908 3185; x_wconf 82' lang='lat' dir='ltr'><strong>Seu.</strong></span> <span class='ocrx_word' id='word_1_314' title='bbox 923 3152 945 3185; x_wconf 88' lang='lat' dir='ltr'><strong>c.</strong></span> <span class='ocrx_word' id='word_1_315' title='bbox 959 3134 1052 3195; x_wconf 51' lang='lat' dir='ltr'><strong>Hand</strong></span> 
     </span>
     <span class='ocr_line' id='line_1_37' title="bbox 113 3201 851 3256; baseline -0.003 -6"><span class='ocrx_word' id='word_1_316' title='bbox 113 3204 167 3249; x_wconf 89' lang='lat' dir='ltr'><strong>that</strong></span> <span class='ocrx_word' id='word_1_317' title='bbox 180 3204 201 3250; x_wconf 90' lang='lat' dir='ltr'><strong>is</strong></span> <span class='ocrx_word' id='word_1_318' title='bbox 218 3203 311 3250; x_wconf 86' lang='lat' dir='ltr'><strong>derived</strong></span> <span class='ocrx_word' id='word_1_319' title='bbox 329 3202 390 3249; x_wconf 83' lang='lat' dir='ltr'><strong>from</strong></span> <span class='ocrx_word' id='word_1_320' title='bbox 406 3202 432 3249; x_wconf 90' lang='lat' dir='ltr'><strong>it.</strong></span> <span class='ocrx_word' id='word_1_321' title='bbox 465 3201 517 3248; x_wconf 88' lang='lat' dir='ltr'><strong>The</strong></span> <span class='ocrx_word' id='word_1_322' title='bbox 528 3201 569 3248; x_wconf 84' lang='lat' dir='ltr'><strong>ed·</strong></span> <span class='ocrx_word' id='word_1_323' title='bbox 602 3202 647 3248; x_wconf 87' lang='lat' dir='ltr'><strong>Pro</strong></span> <span class='ocrx_word' id='word_1_324' title='bbox 659 3201 768 3256; x_wconf 88' lang='lat' dir='ltr'><strong>Murena,</strong></span> <span class='ocrx_word' id='word_1_325' title='bbox 780 3217 800 3249; x_wconf 92' lang='lat' dir='ltr'><strong>c.</strong></span> <span class='ocrx_word' id='word_1_326' title='bbox 812 3202 851 3250; x_wconf 78' lang='lat'><strong>³1.</strong></span> 
     </span>
     <span class='ocr_line' id='line_1_38' title="bbox 106 3262 1053 3327; baseline 0 -14"><span class='ocrx_word' id='word_1_327' title='bbox 106 3267 208 3326; x_wconf 77' lang='lat' dir='ltr'><strong>jectives</strong></span> <span class='ocrx_word' id='word_1_328' title='bbox 219 3267 244 3313; x_wconf 89' lang='lat' dir='ltr'><strong>in</strong></span> <span class='ocrx_word' id='word_1_329' title='bbox 255 3265 487 3314; x_wconf 85' lang='lat' dir='ltr'><strong>Latiuhaveofteua</strong></span> <span class='ocrx_word' id='word_1_330' title='bbox 498 3266 569 3312; x_wconf 90' lang='lat' dir='ltr'><strong>much</strong></span> <span class='ocrx_word' id='word_1_331' title='bbox 633 3267 690 3312; x_wconf 81' lang='lat' dir='ltr'><strong>Noa</strong></span> <span class='ocrx_word' id='word_1_332' title='bbox 708 3264 969 3327; x_wconf 69' lang='lat' dir='ltr'><strong>iisdem-materamre]</strong></span> <span class='ocrx_word' id='word_1_333' title='bbox 1002 3262 1053 3313; x_wconf 75' lang='lat' dir='ltr'><strong>&#39;ihs</strong></span> 
     </span>
     <span class='ocr_line' id='line_1_39' title="bbox 103 3327 1052 3392; baseline 0.001 -17"><span class='ocrx_word' id='word_1_334' title='bbox 103 3330 178 3377; x_wconf 85' lang='lat' dir='ltr'><strong>wider</strong></span> <span class='ocrx_word' id='word_1_335' title='bbox 193 3331 355 3392; x_wconf 76' lang='lat' dir='ltr'><strong>signification</strong></span> <span class='ocrx_word' id='word_1_336' title='bbox 373 3331 433 3379; x_wconf 90' lang='lat' dir='ltr'><strong>than</strong></span> <span class='ocrx_word' id='word_1_337' title='bbox 453 3331 495 3378; x_wconf 92' lang='lat' dir='ltr'><strong>the</strong></span> <span class='ocrx_word' id='word_1_338' title='bbox 516 3345 566 3377; x_wconf 90' lang='lat' dir='ltr'><strong>cor·</strong></span> <span class='ocrx_word' id='word_1_339' title='bbox 600 3330 710 3392; x_wconf 76' lang='lat' dir='ltr'><strong>rogation</strong></span> <span class='ocrx_word' id='word_1_340' title='bbox 727 3329 755 3377; x_wconf 87' lang='lat' dir='ltr'><strong>of</strong></span> <span class='ocrx_word' id='word_1_341' title='bbox 768 3330 809 3377; x_wconf 88' lang='lat' dir='ltr'><strong>the</strong></span> <span class='ocrx_word' id='word_1_342' title='bbox 827 3328 899 3377; x_wconf 81' lang='lat' dir='ltr'><strong>‘uon&#39;</strong></span> <span class='ocrx_word' id='word_1_343' title='bbox 916 3327 1015 3377; x_wconf 64' lang='lat' dir='ltr'><strong>utenda</strong></span> <span class='ocrx_word' id='word_1_344' title='bbox 1026 3330 1052 3376; x_wconf 77' lang='lat' dir='ltr'><strong>te</strong></span> 
     </span>
     <span class='ocr_line' id='line_1_40' title="bbox 87 3388 1026 3461; baseline 0.004 -22"><span class='ocrx_word' id='word_1_345' title='bbox 87 3395 247 3459; x_wconf 74' lang='lat' dir='ltr'><strong>responding</strong></span> <span class='ocrx_word' id='word_1_346' title='bbox 271 3397 378 3461; x_wconf 81' lang='lat' dir='ltr'><strong>English</strong></span> <span class='ocrx_word' id='word_1_347' title='bbox 406 3397 493 3446; x_wconf 84' lang='lat' dir='ltr'><strong>words.</strong></span> <span class='ocrx_word' id='word_1_348' title='bbox 524 3396 573 3444; x_wconf 86' lang='lat' dir='ltr'><strong>We</strong></span> <span class='ocrx_word' id='word_1_349' title='bbox 603 3395 646 3443; x_wconf 86' lang='lat' dir='ltr'><strong>the</strong></span> <span class='ocrx_word' id='word_1_350' title='bbox 655 3393 883 3454; x_wconf 73' lang='lat' dir='ltr'><strong>words⁸uatmsqee</strong></span> <span class='ocrx_word' id='word_1_351' title='bbox 892 3388 1026 3443; x_wconf 57' lang='grc' dir='ltr'><strong>Μ’</strong></span> 
     </span>
    </p>
   </div>
   <div class='ocr_carea' id='block_1_4' title="bbox 77 3462 580 3520">
    <p class='ocr_par' dir='ltr' id='par_1_6' title="bbox 77 3462 580 3520">
     <span class='ocr_line' id='line_1_41' title="bbox 77 3462 580 3520; baseline 0.016 -16"><span class='ocrx_word' id='word_1_352' title='bbox 77 3467 126 3502; x_wconf 79' lang='lat' dir='ltr'><strong>can</strong></span> <span class='ocrx_word' id='word_1_353' title='bbox 140 3473 193 3520; x_wconf 83' lang='lat' dir='ltr'><strong>say,</strong></span> <span class='ocrx_word' id='word_1_354' title='bbox 211 3465 229 3489; x_wconf 81' lang='lat'><strong>⁴⁴</strong></span> <span class='ocrx_word' id='word_1_355' title='bbox 238 3462 279 3511; x_wconf 87' lang='lat' dir='ltr'><strong>He</strong></span> <span class='ocrx_word' id='word_1_356' title='bbox 293 3470 363 3515; x_wconf 87' lang='lat' dir='ltr'><strong>must</strong></span> <span class='ocrx_word' id='word_1_357' title='bbox 380 3464 414 3515; x_wconf 93' lang='lat' dir='ltr'><strong>be</strong></span> <span class='ocrx_word' id='word_1_358' title='bbox 425 3481 440 3515; x_wconf 89' lang='lat' dir='ltr'><strong>a</strong></span> <span class='ocrx_word' id='word_1_359' title='bbox 450 3480 512 3514; x_wconf 85' lang='lat' dir='ltr'><strong>man</strong></span> <span class='ocrx_word' id='word_1_360' title='bbox 522 3463 547 3512; x_wconf 91' lang='lat' dir='ltr'><strong>of</strong></span> <span class='ocrx_word' id='word_1_361' title='bbox 563 3478 580 3512; x_wconf 83' lang='lat' dir='ltr'><strong>a</strong></span> 
     </span>
    </p>
   </div>
   <div class='ocr_carea' id='block_1_5' title="bbox 0 0 1092 3764">
    <p class='ocr_par' dir='ltr' id='par_1_7' title="bbox 0 0 1092 3764">
     <span class='ocr_line' id='line_1_42' title="bbox 0 0 1092 3764; baseline 0 2"><span class='ocrx_word' id='word_1_362' title='bbox 0 0 1092 3764; x_wconf 95' lang='lat' dir='ltr'><strong> </strong></span> 
     </span>
    </p>
   </div>
  </div>
 </body>
</html>
