2198 3758
416 180 504 240 cAP.
524 180 595 240 XX.
616 181 705 240 XXI.
960 184 1018 242 119

131 335 211 405 XXI,
231 338 287 396 Est
300 337 389 397 etiam
402 337 542 416 quaedam
558 338 704 417 calamitas
722 337 754 396 in
776 337 909 397 amicitiis
923 338 1017 399 dimit

100 426 179 488 tendis
201 449 411 508 nonnunquam
431 429 609 502 necessaria3
630 430 690 508 jam
710 429 787 489 enim
808 450 824 489 a
845 429 1018 508 sapientium

96 511 325 580 familiaritatibus
338 520 375 579 ad
387 521 520 598 vulgares
533 520 675 580 amicitias
694 522 785 580 oratio
798 526 899 580 nostra
913 522 1017 581 delabi·
1054 523 1060 535 '

94 607 142 668 tar.
173 612 342 690 Erumpunt
353 631 438 690 saepe
448 611 519 670 vitia
531 611 687 671 amicorum
698 617 762 671 tum
774 613 807 670 in
819 613 898 691 ipsos
911 614 1017 674 amieos

91 697 147 760 istm
159 703 191 762 in
202 703 320 776 alienos,
329 723 452 781 quorum
461 707 561 761 tamen
571 703 607 761 ad
617 703 723 762 amicos
736 704 880 764 redundet
889 705 1015 765 infamia.

88 784 164 853 iales
176 795 268 871 igitur
280 794 422 853 amicitiae
445 799 515 853 sunt
533 794 702 853 remissione
711 815 792 860 ,usus
813 796 961 868 eluendae,
976 802 1014 869 et,

85 887 113 936 ut
140 887 281 945 Catonem
304 886 399 945 dicere
421 886 526 959 audivi,
549 885 721 945 dissuendae
738 887 830 964 magis
854 907 939 965 quam
959 887 1015 947 dis·

82 968 256 1049 indendam
282 977 340 1036 nisi
359 977 499 1056 quaedam
519 968 672 1036 admodum
695 977 884 1037 intolerabilis
910 979 1016 1057 injuria

59 1118 62 1124 ⁴
81 1069 225 1141 exarserit,
238 1073 274 1127 ut
294 1088 389 1146 neque
409 1073 522 1127 rectum
544 1088 639 1146 neque
658 1068 814 1127 honestum
834 1068 873 1128 sit
886 1089 939 1129 nec
953 1071 1015 1129 fieri

78 1159 172 1224 Possit
183 1166 219 1218 ut
231 1181 294 1218 non
315 1160 415 1219 statim
434 1159 570 1219 alienatio
592 1160 802 1239 disjunctioque
824 1160 955 1221 facienda
968 1163 1014 1221 sit.

78 1236 125 1304 77.
150 1251 200 1309 Sin
223 1257 322 1310 autem
344 1256 397 1310 aut
422 1272 536 1311 morum
559 1256 611 1310 aut
638 1252 800 1310 studiorum
826 1253 1014 1312 commutatio

76 1342 226 1415 quaedam,
240 1348 275 1401 ut
288 1343 352 1402 fieri
365 1342 447 1416 solet,
461 1343 539 1402 facta
559 1343 623 1417 erit,
637 1348 689 1402 ant
706 1343 738 1401 in
751 1344 794 1402 rei
807 1342 938 1421 publicae
950 1364 1014 1424 par-

75 1423 164 1499 libus,
180 1434 321 1509 dissensio
340 1435 546 1508 intercesserit,
560 1435 662 1513 loquor
680 1435 757 1494 enim
775 1435 843 1514 jam,
862 1440 897 1494 ut
918 1436 1014 1512 paullo

75 1525 150 1582 into
163 1525 228 1598 diri,
239 1546 300 1585 non
314 1525 349 1585 de
363 1526 537 1604 sapientium
551 1527 601 1585 sed
612 1527 647 1585 de
657 1527 857 1586 communibus
871 1527 1013 1602 amicitiis,

77 1617 236 1676 cavendum
250 1617 356 1676 eritne
369 1637 429 1676 non
442 1617 535 1677 solum
548 1618 690 1677 amicitiae
702 1618 850 1696 depositae
863 1605 913 1677 sed
926 1619 1014 1679 etiam

77 1695 244 1767 inimicitiae
258 1713 409 1787 susceptae
418 1708 579 1768 videantur.
611 1710 694 1767 Nihil
707 1709 784 1768 enim
797 1710 914 1788 turpius
929 1729 1014 1788 quam

79 1806 151 1854 tum
170 1819 202 1858 eo
225 1799 334 1859 bellum
357 1820 457 1878 gerere
477 1800 593 1879 quicum
614 1799 793 1860 familiariter
811 1801 924 1860 vixeris.
965 1802 1014 1860 Ab

81 1885 204 1951 amicitia
217 1892 253 1967 Q.
269 1891 400 1970 Pompeii
419 1891 615 1971 meonomine
636 1911 667 1950 se
683 1899 851 1965 removerat,
870 1898 906 1953 ut
924 1893 1013 1965 scitis,

86 1968 190 2055 Scipio;
221 1988 342 2062 propter
368 1983 576 2042 dissensionem
603 1988 709 2055 autem,
736 2004 809 2062 quae
836 1990 901 2042 erat
922 1985 956 2042 in
981 2005 1013 2043 re

89 2065 200 2148 rubia,
210 2075 353 2135 alienatus
367 2080 412 2134 est
426 2095 442 2134 a
456 2075 564 2153 collega
573 2080 674 2135 nostro
685 2075 817 2135 Metelle.
846 2076 1013 2155 Utrumque

123 2229 155 2280 ²1·
168 2239 303 2302 Rednndet]
319 2240 388 2286 Some
394 2239 465 2287 MSS.
473 2240 532 2287 have
543 2192 554 2288 l
594 2218 725 2286 '‘infamia’
742 2254 822 2287 means
838 2240 971 2301 ‘disgrace,'
987 2257 1014 2288 or

98 2287 231 2361 'famosas
250 2304 295 2350 bnt
316 2303 398 2351 Cicero
416 2302 471 2350 does
489 2308 532 2349 not
564 2301 673 2358 ‘blame'
695 2303 742 2349 and
762 2304 782 2349 is
803 2307 847 2350 not
864 2305 921 2352 used
939 2305 966 2352 in
983 2306 1013 2352 its

98 2346 177 2426 ‘My
184 2382 224 2429 say
231 2367 285 2414 that
292 2368 312 2414 it
323 2367 395 2414 ‘does
403 2367 508 2414 redound
516 2366 531 2424 3’
563 2366 677 2414 technieal
688 2367 734 2413 and
745 2368 848 2428 politicen
858 2382 933 2415 sense.

98 2408 175 2485 bossy,
184 2431 236 2478 that
248 2435 263 2459 ‘⁶
272 2432 333 2478 vices
342 2444 368 2477 or
376 2431 448 2477 iaults
458 2430 531 2477 break
594 2431 640 2476 Rei
646 2431 770 2492 publicae]
811 2431 836 2478 It
853 2432 874 2478 is
892 2432 969 2479 better
989 2439 1014 2480 to

99 2483 130 2525 ω*
138 2482 190 2540 both
197 2495 288 2556 against
296 2494 384 2541 friends
391 2495 531 2541 themselves
563 2495 629 2540 write
645 2494 712 2541 these
729 2495 805 2542 words
821 2510 847 2542 as
864 2499 911 2544 two
930 2497 1013 2553 words,

99 2543 133 2589 ’Μ
146 2553 190 2605 fllso
206 2559 299 2620 against
315 2562 439 2618 strangam,
450 2562 491 2619 yet
506 2558 531 2604 in
563 2558 639 2604 which
654 2558 711 2619 they
721 2573 768 2605 are.
801 2560 865 2606 ‘Res
876 2559 983 2621 publica'
993 2561 1015 2608 is

98 2607 143 2656 Μὴ
158 2621 209 2669 wisa
228 2622 283 2669 that
299 2622 341 2669 the
358 2622 461 2682 disgraee
478 2621 532 2668 falls
563 2622 1012 2685 mnstantlyopposedto‘resprivata.'

98 2661 145 2720 liii
160 2697 190 2730 on
207 2685 249 2733 the
264 2685 377 2733 ffiends.”
410 2685 531 2737 ‘Quorum
563 2685 1014 2748 Therearealsotheexpressions‘res

98 2727 186 2806 Μ’
207 2749 263 2811 only
283 2750 356 2796 refers
377 2752 403 2796 to
422 2752 491 2796 ‘tum
506 2749 531 2795 in
564 2749 688 2806 Romana,’
707 2749 755 2796 and
772 2765 843 2812 many
862 2751 949 2798 others.
981 2750 1015 2798 At

98 2793 185 2858 'linos'
216 2812 241 2860 1t
258 2813 278 2860 is
294 2813 336 2860 the
351 2813 419 2860 usual
434 2812 535 2860 formos
564 2813 605 2859 the
631 2813 759 2874 beginning
784 2814 811 2860 of
838 2814 879 2861 the
906 2819 1015 2862 sentence

98 2855 183 2922 eieeio’s
199 2880 310 2924 sentence
319 2876 388 2923 when
406 2876 436 2922 ha
452 2876 532 2923 makes
564 2877 638 2924 Orelli
656 2877 699 2923 has
716 2877 783 2924 “Sin
801 2882 880 2924 autem
895 2876 1014 2934 morum‚”

98 2932 277 2987 ffltaffirmauva
292 2939 476 3000 emphaticam
491 2939 533 2986 the
563 2939 609 2986 but
635 2940 676 2986 the
703 2940 775 2987 Mas,
800 2941 919 3002 authority
942 2942 962 2988 is
989 2942 1015 2988 in

99 2988 152 3043 ⁰¹5&
165 3003 321 3050 subordinate.
355 3002 474 3064 Seyffert's
492 3017 533 3049 ex·
564 3004 646 3051 favour
662 3003 689 3050 oi
705 3008 761 3051 ‘aut
777 3003 885 3060 morum,’
904 3005 950 3051 and
965 3005 1015 3052 also

98 3051 199 3113 phason
209 3067 230 3114 is
240 3068 301 3114 this:
318 3066 381 3114 That
390 3068 431 3114 the
441 3081 533 3128 wrong·
565 3068 607 3114 tha
617 3067 727 3128 meaning
737 3068 763 3114 oi
771 3068 811 3114 tha
822 3082 925 3128 passage,

98 3113 184 3176 lulileed
197 3131 218 3178 is
233 3130 422 3178 intendedtobe
438 3131 534 3177 marked
600 3133 627 3187 Q.
640 3132 760 3192 Pompeii]
786 3131 816 3183 Q.
829 3131 953 3192 Pompeius
965 3131 1015 3179 Ne·

98 3175 165 3243 blile
180 3194 330 3255 subjunctive
344 3193 490 3250 ‘redundet'
507 3208 533 3241 as
564 3209 616 3255 pos,
637 3195 690 3241 who
711 3209 758 3241 was
782 3195 863 3240 consul
892 3208 941 3242 nc.
963 3196 1015 3244 141.

98 3257 134 3297 ⁰¹¹0
147 3256 186 3305 ua
200 3258 317 3305 ‘misma’
335 3258 362 3304 of
377 3258 453 3304 which
470 3262 534 3304 must
565 3258 676 3305 Metellus
693 3258 713 3304 is
731 3257 761 3309 Q.
775 3257 889 3304 Caecilius
906 3258 1016 3306 Metellus

98 3319 219 3384 ssuaamy
229 3322 270 3369 iall
285 3321 346 3370 back
361 3336 425 3383 upon
437 3321 533 3369 friends.
566 3321 738 3375 Macedonicus,
753 3321 807 3368 who
822 3336 869 3368 was
887 3337 917 3368 an
933 3336 1016 3382 augur,

97 3371 170 3432 Tbisis
180 3400 195 3432 a
205 3385 314 3433 different
324 3386 382 3433 view
389 3386 416 3432 ci
425 3385 465 3432 the
475 3389 536 3432 mat·
568 3385 616 3433 and
626 3400 653 3434 so
665 3401 682 3435 a
698 3385 819 3449 coheague
834 3385 969 3434 otheninus
980 3385 1033 3430 anu

95 3442 535 3509 dalmantthetrneonamslthink.
570 3451 662 3516 Scipio.
