2174 3764
102 175 162 234 252
202 170 427 234 CICERONIS
446 169 745 232 EPISTOLARUM
765 170 888 231 LIBRI
908 172 1008 233 DUO.

103 331 248 410 praeclara
260 331 293 390 in
305 351 367 390 rem
379 330 524 409 publicam
534 327 636 389 merita
646 326 683 388 ad
692 327 819 397 nihilum
833 350 900 389 esse
909 333 1038 392 ventura

103 423 153 483 Ita
166 423 243 484 enim
256 424 378 482 Romam
392 426 455 481 erat
464 422 641 494 nuntiatum,
651 421 695 480 ita
707 441 884 500 persuasum
898 423 1038 496 omnibus,

104 535 170 575 oum
183 514 282 594 paucis
295 513 413 572 inermis
432 514 595 591 perterritis
612 518 694 572 metu
711 513 805 572 fracto
819 513 919 574 animo
931 514 1039 592 fugisse

104 606 275 666 Antonium.
317 605 376 680 Qui
390 605 416 664 si
427 605 470 664 ita
483 626 514 665 se
527 606 615 665 habet
627 610 671 677 ut,
685 605 933 684 quemadmodum
946 608 1038 667 audie-

103 698 170 758 bam
183 697 219 757 de
234 696 381 769 Graeceio,
392 697 507 775 confligi
521 716 588 756 eum
600 717 635 757 eo
651 697 713 757 sine
726 696 856 775 periculo
867 719 931 758 non
940 699 1037 778 possit,

102 809 164 848 nou
185 789 234 848 illo
257 787 329 847 mihi
348 788 458 866 fugisse
478 809 496 848 a
514 789 635 848 Mutina
653 788 770 847 videtur
790 789 842 848 sed
862 790 961 850 locum
974 791 1038 850 belli

103 880 222 958 gerendi
240 885 378 939 mutasse.
418 880 523 958 Itaque
542 880 673 939 homines
693 879 741 937 alii
760 878 832 939 faeti
852 887 946 955 sunt;
970 903 1037 941 non·

102 971 177 1031 nulli
191 971 279 1030 etiam
291 976 455 1050 quenmtur
468 971 545 1050 quod
557 969 702 1051 persecuti
714 991 776 1030 non
789 971 863 1031 sitis.
908 973 1037 1053 Opprimi

103 1062 242 1141 potuisse,
257 1063 283 1122 si
296 1063 427 1122 celeritas
444 1062 574 1122 adhibita
591 1067 677 1132 esset,
691 1061 868 1122 existimant.
912 1065 1036 1124 Omnino

103 1159 149 1212 est
161 1154 216 1214 hoo
229 1154 337 1234 populi,
356 1153 534 1233 maximeque
548 1153 650 1226 nostri,
663 1153 695 1212 in
708 1174 742 1213 eo
756 1154 946 1232 potissimum
959 1156 1036 1217 abuti

103 1245 238 1306 libertate
251 1266 402 1326 perquem
415 1266 478 1305 eam
491 1251 664 1306 consecutus
678 1245 726 1305 sit.
768 1247 826 1305 Sed
834 1252 939 1307 tamen
948 1248 1034 1328 provi·

103 1338 230 1398 (lendum
244 1344 289 1398 est
301 1358 340 1397 ne
353 1358 410 1416 qua
419 1338 501 1416 justa
515 1337 631 1416 querela
651 1357 713 1396 esse
732 1337 835 1416 possit.
877 1340 941 1398 Res
955 1340 1034 1400 sosio

103 1430 199 1490 habet.
240 1430 272 1489 Is
293 1429 401 1490 bellum
423 1428 579 1489 confecerit
593 1428 643 1507 qui
665 1429 830 1488 Antonium
851 1432 1033 1510 oppresserit.

103 1523 171 1584 Hoe
186 1541 272 1601 quam
284 1521 342 1582 vim
355 1521 504 1599 habeatte
522 1520 685 1581 existimare
703 1520 778 1580 malo
797 1541 885 1600 quam
898 1543 947 1584 me
961 1543 1033 1604 aper·

43 1605 47 1616 ’
102 1615 163 1674 tius
177 1615 309 1676 seribere.

134 1780 258 1842 Natalem]
292 1780 350 1828 This
371 1781 435 1827 word
457 1781 477 1827 ia
498 1777 553 1828 ‘ne’
584 1779 642 1827 used
658 1778 898 1842 howevertosignify
909 1795 975 1829 some
984 1795 1033 1842 wey

102 1845 149 1891 and
171 1843 276 1891 ‘hilum’
310 1844 372 1891 Itis
391 1844 448 1890 used
469 1845 494 1891 in
511 1845 553 1891 the
585 1844 652 1890 small
668 1844 756 1904 trifling
771 1844 848 1904 thing,
865 1846 989 1892 asalittle
1003 1845 1033 1892 bit

102 1909 238 1964 aoomative,
256 1908 357 1968 genitive
377 1905 465 1969 (nihili)
475 1925 481 1963 3
506 1908 553 1953 aud
585 1908 611 1954 of
619 1912 694 1964 straw,
706 1922 733 1954 or
743 1923 757 1954 a
768 1908 900 1968 projecting
914 1910 996 1956 thread
1005 1923 1033 1956 on

102 1972 209 2026 ablativo,
227 1972 288 2018 asin
301 1969 490 2028 ‘nihilominus;'
506 1972 554 2018 and
585 1973 682 2032 apiece
698 1972 725 2018 of
739 1972 810 2027 eloth,
826 1986 854 2018 or
870 1973 912 2019 the
927 1974 982 2020 like.
1013 1973 1033 2019 It

102 2036 129 2082 iu
139 2035 267 2091 Lucretius,
278 2035 294 2081 i.
307 2036 361 2082 265.
586 2050 666 2082 occurs
685 2037 709 2081 in
727 2035 768 2081 the
785 2035 825 2082 old
842 2043 918 2097 poets,
933 2039 980 2083 and
996 2037 1034 2082 has

547 2131 552 2142 .
586 2099 627 2146 the
641 2100 770 2160 penultima
784 2099 856 2160 long3
872 2116 898 2147 as
914 2101 941 2147 in
953 2103 1038 2149 Lucre--

180 2156 244 2166 -
255 2135 270 2158 “
280 2107 348 2177 docui
358 2131 392 2176 nil
402 2127 471 2191 posse
482 2145 555 2177 orean

102 2195 140 2243 De
160 2195 241 2250 nihilo,
261 2209 337 2255 neque
354 2195 411 2241 item
429 2194 508 2255 genita
523 2194 553 2242 ad

134 2259 232 2305 nihilum
242 2256 370 2304 revooari.'’

585 2164 683 2218 tius,iii.
696 2166 750 2210 843.

615 2227 679 2287 Ali']
731 2226 817 2272 “Men
851 2227 944 2288 change
979 2227 1035 2274 their

584 2290 685 2337 minds.''
728 2290 794 2350 They
816 2290 869 2337 who
892 2293 995 2353 thought
1011 2305 1035 2338 so

101 2355 153 2401 The
180 2355 304 2401 shortened
326 2354 398 2402 sonna
424 2354 451 2402 of
475 2355 494 2402 it
514 2370 553 2401 are
584 2355 636 2400 well
654 2354 682 2401 of
697 2369 756 2416 your
774 2354 883 2414 exploits‚
900 2371 954 2403 now
970 2356 1035 2417 hegin

103 2418 175 2464 ‘nihil
203 2419 250 2465 and
272 2418 335 2465 ‘nil'
375 2418 426 2467 The
440 2416 552 2466 'Romans
584 2418 803 2480 todisparageyou.

102 2482 141 2528 did
159 2487 201 2529 not
219 2497 281 2529 seem
300 2487 326 2528 to
342 2482 372 2530 be
385 2483 450 2544 quite
464 2484 551 2530 oertaiu
614 2484 643 2528 Ia
665 2483 702 2543 eo]
738 2486 752 2510 “
766 2482 795 2528 ln
817 2481 859 2527 the
882 2498 937 2531 casa
954 2485 981 2530 of
998 2483 1035 2530 the

102 2546 164 2592 what
191 2545 286 2593 ‘hilum’
314 2547 434 2608 originally
464 2552 550 2594 meant.
582 2560 668 2607 person
685 2545 712 2593 ol
729 2546 761 2592 all
779 2546 866 2603 others,
885 2547 917 2610 by
934 2546 1034 2605 whom‚”

101 2610 178 2657 There
194 2609 214 2656 is
232 2625 262 2656 an
281 2611 429 2671 explanation
443 2611 470 2657 of
485 2612 505 2657 it
520 2611 552 2672 by
583 2613 626 2657 &a

103 2673 185 2724 Festus
200 2690 223 2721 v.
239 2675 329 2722 Hilum.
362 2675 413 2722 The
426 2675 490 2721 word
505 2688 552 2722 was
