2174 3764
273 175 332 234 An
354 174 555 250 ausurum
574 172 782 234 marsum.
933 175 990 232 rea

75 332 186 394 debatur
204 354 268 394 non
288 339 366 393 esset
381 333 575 406 interiturum,
590 331 640 392 sed
657 332 690 390 in
702 329 877 391 ornamentis
890 329 990 407 templi

74 425 202 498 futurum,
212 432 319 485 utnon
331 425 402 484 mihi
413 425 510 504 potius
524 444 608 504 quam
621 425 727 503 populo
735 424 866 482 Romano
879 442 912 481 ac
925 422 990 481 Diis

74 516 273 578 immortalibus
300 517 401 576 datum
426 517 709 577 rideretur-tamen
733 516 764 574 id
789 515 821 574 in
847 534 902 592 quo
929 518 991 573 erat

75 607 197 688 dignitas,
211 610 342 682 arctior,
355 613 417 667 erat
431 629 529 669 eorum
543 607 593 686 qui
610 608 752 668 faciebant
765 608 906 680 voluntas,
919 606 990 666 acci·

74 700 201 778 piendum
218 721 280 760 non
300 700 409 779 putavi,
431 721 520 779 quum
540 700 603 759 aliis
619 700 654 759 de
672 700 765 759 causis
778 705 842 758 tum
855 699 943 758 etiam
955 703 990 757 ut

73 792 157 853 animo
170 792 305 871 aequiore
317 792 428 850 ferrent
440 793 462 850 ii
475 792 578 870 quibus
592 812 646 851 nec
656 792 809 851 deberetur
818 811 872 850 nec
882 784 989 849 ficeret.

74 882 111 944 27.
131 885 318 963 Quapropter
329 883 463 943 incumbe
472 890 537 943 toto
547 883 641 943 animo
651 889 681 942 et
691 883 787 942 studio
798 882 876 941 omni
886 883 989 941 ineam

72 976 204 1036 rationem
218 995 275 1054 qua
288 975 382 1034 adhuc
390 995 461 1034 usus
472 996 511 1048 es,
522 980 557 1035 ut
567 995 697 1055 eosquos
707 981 776 1034 tuce
785 974 852 1033 fidei
864 980 989 1052 poteste-

72 1066 143 1146 tique
158 1068 285 1127 Senatus
302 1066 483 1145 populusque
498 1067 647 1126 Romanus
665 1066 808 1125 commisit
826 1072 856 1123 et
869 1066 990 1124 credidit

72 1156 172 1237 diligas,
186 1164 218 1218 et
232 1158 311 1217 omni
325 1158 437 1217 ratione
457 1164 557 1218 tueare
574 1165 609 1217 ut
629 1178 792 1236 essequam
809 1157 989 1217 beatissimos

72 1250 139 1310 velis.
181 1250 269 1326 Quod
282 1249 308 1308 si
320 1254 351 1308 te
361 1269 423 1309 sors
433 1250 513 1308 Afris
523 1256 574 1309 aut
587 1251 728 1328 Hispanis
742 1254 793 1308 aut
808 1248 899 1307 Gallis
909 1269 989 1326 prae-

71 1339 186 1415 fecisset,
207 1341 381 1400 immauibus
401 1362 434 1401 ac
453 1341 580 1402 barbaris
600 1342 774 1413 nationibus,
795 1345 893 1399 tamen
913 1346 990 1399 esset

71 1431 252 1493 humanitatis
272 1438 342 1492 triae
365 1433 514 1492 consulere
535 1454 634 1492 eorum
653 1432 806 1493 commodis
825 1437 855 1490 et
867 1432 990 1490 utilitati

70 1525 207 1604 salutique
221 1525 335 1584 servire.
376 1524 475 1599 Quum
493 1545 559 1585 vero
580 1525 607 1584 ei
626 1525 725 1602 generi
743 1523 892 1583 hominum
908 1543 989 1602 prae-

66 1615 159 1690 timm,
173 1637 236 1676 non
247 1615 333 1675 modo
346 1615 446 1694 inquo
460 1617 522 1695 ipsa
540 1617 579 1675 sit
601 1617 651 1676 sed
668 1617 786 1675 etiams
799 1635 855 1694 quo
868 1615 905 1674 ed
918 1615 989 1674 alios

69 1709 226 1785 pervenisse
244 1713 366 1786 putetur
386 1708 558 1781 humanitas,
580 1714 659 1767 certe
676 1708 712 1768 iis
732 1728 795 1767 eam
807 1707 989 1786 potissimum

69 1800 190 1860 tribuere
203 1800 341 1859 debemus
354 1819 372 1857 a
385 1799 489 1878 quibus
499 1800 667 1878 accepimus.
707 1803 754 1859 28.
775 1800 846 1858 Non
856 1799 932 1858 enim
942 1820 989 1859 me

69 1889 117 1952 hoc
124 1892 187 1971 jam
200 1891 296 1950 dicere
309 1891 437 1968 pudebit,
450 1892 618 1970 praesertim
637 1891 670 1950 iu
687 1911 721 1950 ea
737 1891 797 1950 rita
809 1897 895 1971 atque
908 1891 989 1950 iniis

69 1984 147 2045 mbas
168 1983 261 2063 gestis
281 1982 314 2042 in
335 1983 437 2062 quibus
460 2004 520 2043 uon
539 1989 636 2063 potest
654 1984 778 2043 residere
794 1983 916 2042 inertiae
937 1989 989 2042 aut

97 2168 186 2225 Quibus
208 2181 251 2214 aec
272 2166 397 2214 deberetur
415 2181 459 2214 nee
480 2168 509 2213 li.
541 2168 583 2215 has
600 2166 682 2228 ‘ipsa'
715 2167 880 2215 ‘Humanitas'
897 2160 918 2215 ia
933 2182 987 2229 pro-

69 2231 146 2293 teret]
180 2230 240 2277 This
251 2245 293 2276 use
308 2230 336 2276 cf
349 2231 389 2277 the
400 2231 509 2291 subjunc-
540 2231 606 2294 perly
615 2232 657 2278 the
668 2231 837 2278 characteristic
847 2231 874 2278 of
888 2232 928 2278 the
942 2231 986 2278 hu-

69 2293 174 2342 tivedces
184 2298 228 2341 not
239 2293 331 2354 depend
342 2295 425 2341 onthc
436 2300 510 2342 ‘ut-
541 2311 596 2342 man
614 2295 700 2342 animal
718 2294 824 2352 ‘hom03'
847 2295 891 2343 but
907 2296 927 2341 it
946 2295 987 2342 has

68 2354 164 2406 tume’
198 2358 225 2405 If
237 2357 319 2405 Cicero
335 2358 380 2404 had
397 2359 455 2406 used
468 2359 509 2405 the
540 2360 631 2406 various
642 2359 988 2419 significationsmtheRoman

68 2419 192 2479 talama,
204 2422 235 2468 he
250 2421 328 2468 would
343 2427 385 2468 not
400 2424 459 2469 have
471 2438 510 2470 ex·
541 2425 637 2471 writers.
656 2423 710 2471 Itis
720 2423 987 2479 hereusedinasense‚

68 2487 156 2545 passed
165 2485 263 2532 himself
269 2485 327 2532 with
335 2485 376 2533 the
383 2487 511 2547 generality
541 2487 616 2534 which
632 2487 673 2534 tha
689 2487 807 2548 following
825 2492 934 2534 sentence
946 2502 987 2534 ex-

68 2548 309 2599 vhlehheintended.
338 2549 510 2611 Compapss-
541 2552 662 2612 plains,to
678 2551 762 2612 signify
777 2551 818 2598 the
834 2555 925 2613 temper
941 2551 987 2597 and

68 2614 198 2675 nguinthe
205 2613 296 2660 oration
305 2613 400 2661 PrcCu.
407 2614 508 2670 Plancio,
541 2615 677 2676 disposition
697 2615 772 2662 which
793 2630 832 2662 are
848 2615 938 2663 formed
956 2615 988 2675 by

68 2688 86 2723 e.
95 2679 132 2735 w,
144 2681 160 2706 ‘⁴
168 2692 208 2724 me
215 2692 290 2723 unum
299 2691 328 2723 ex
339 2678 366 2723 iis
376 2676 421 2725 feci
430 2679 469 2740 qui
480 2678 510 2724 ad
541 2680 581 2726 the
592 2679 727 2726 cultivation
735 2679 762 2725 ef
768 2678 849 2727 letters
859 2679 905 2726 and
912 2679 939 2725 of
946 2679 987 2725 the

141 2739 288 2789 venissent.”
315 2740 510 2789 Thisuseofthe
540 2743 621 2789 liberal
641 2747 696 2789 arte.
730 2742 811 2789 Cicero
830 2742 930 2790 ascribes
950 2741 987 2787 his

67 2752 207 2866 xiima
216 2805 423 2865 seemstodepend
433 2805 510 2867 partly
540 2822 593 2854 own
603 2821 694 2853 success
708 2807 733 2852 in
746 2806 786 2853 life
795 2811 821 2854 tc
832 2807 873 2853 the
884 2805 954 2866 study
963 2803 989 2851 cf

67 2869 144 2918 ntiae
154 2868 307 2917 subordinate
324 2869 425 2929 position
442 2870 510 2929 given
541 2871 582 2917 tha
606 2871 700 2931 literary
726 2871 876 2930 productione
896 2868 923 2917 cf
946 2868 987 2914 the

67 2935 88 2980 it
97 2932 138 2981 ms
147 2933 233 2987 words,
240 2933 307 2979 when
313 2932 369 2993 they
380 2948 419 2979 are
429 2933 510 2994 placed
542 2934 619 2981 Greek
640 2932 814 2997 (monumenta)
835 2933 882 2979 and
899 2936 925 2979 to
946 2931 987 2978 the

65 2995 233 3045 ducendos
244 3011 260 3044 a
274 2996 358 3043 chose.
390 2996 416 3043 if
430 2997 510 3044 Cicero
541 2997 657 3058 following
672 2997 699 3045 of
711 2998 753 3044 the
774 2997 851 3044 Greek
867 2995 987 3056 discipline

66 3056 107 3109 hd
114 3060 230 3109 intended
240 3066 265 3107 to
280 3059 352 3120 speak
362 3060 510 3122 particularly
539 3062 565 3108 in
575 3062 612 3108 his
623 3061 792 3122 philosophical
805 3060 851 3106 and
866 3059 987 3106 oratoricul

66 3122 90 3171 d
99 3124 168 3173 dacae
184 3125 237 3171 who
254 3123 337 3170 visited
358 3124 398 3170 the
419 3129 509 3181 waters,
540 3126 650 3187 pursuite.
682 3125 799 3172 Matthiae
811 3137 929 3184 compares
946 3123 987 3169 the

65 3184 102 3237 illa
119 3188 183 3237 ἵστω
203 3187 233 3234 of
251 3186 293 3233 the
310 3192 418 3235 sentence
433 3188 510 3234 would
540 3204 637 3250 passage
656 3188 682 3234 in
704 3187 791 3249 Pliny’s
814 3187 907 3234 letters
930 3184 985 3249 (viii.

64 3248 190 3301 huben
200 3250 316 3299 different.
342 3251 508 3299 Herehedoes
539 3253 594 3314 24)ι
612 3257 627 3280 ‘⁴
636 3252 704 3299 Habe
714 3256 770 3298 ante
780 3249 884 3307 oculos‚''
894 3254 936 3298 &c
953 3250 986 3297 As

64 3318 103 3365 tat
116 3316 225 3365 menfica
243 3313 285 3361 the
305 3314 397 3373 aediles,
414 3315 458 3364 but
478 3316 508 3363 he
538 3321 565 3363 to
590 3315 753 3374 ‘humanitas'
772 3330 811 3363 sae
828 3315 919 3364 Gellius
940 3315 986 3362 xic.

64 3380 225 3429 authem-
542 3383 583 3431 lt.

85 3444 143 3503 ᾖν
158 3445 231 3490 n'l-
238 3441 397 3506 humandae]
432 3443 509 3495 Orelli

494 3517 566 3576 u2
