2198 3758
356 150 359 155 ·
464 120 552 182 OAP.
573 121 617 179 H.
963 122 1001 181 75

15 260 46 323 ³⁵⁵-
105 272 256 352 lflnissemna
265 284 302 339 tn
310 300 370 339 non
380 277 498 339 adfuisti
506 278 557 358 qui
567 277 786 355 diligentissime
796 298 908 357 semper
920 278 1002 338 illum

15 345 52 415 ἦ
101 358 156 427 diem
173 377 201 431 el
221 370 294 430 illud
316 390 423 429 munus
442 371 544 430 solitus
563 390 641 429 esses
654 370 742 429 obire.
783 374 810 429 8.
832 372 1001 449 Sonavons.

15 452 51 505 ²³³
98 453 223 532 tanam
236 461 361 541 quidem,
373 461 406 521 O.
418 462 507 535 Laeli,
518 461 612 532 multi,
621 466 656 520 ut
670 468 740 521 esta
750 462 862 520 Fannio
876 463 1002 534 diotum;

14 546 44 595 ἓ·
91 550 131 611 sed
141 573 188 631 ego
200 554 231 613 id
244 552 405 631 respondeo
419 554 496 631 quod
514 553 710 626 animadverti,
724 559 755 611 to
774 554 901 613 dolorem
917 575 1002 632 quem

14 640 35 679 ·“·“
85 646 212 725 aooaperis
235 664 325 723 quum
347 645 451 704 summi
469 644 525 704 riri
545 650 609 704 tum
630 644 795 704 amicissimi
813 651 906 704 morte
927 646 1001 705 ferre

79 736 232 810 moderate3
261 756 317 795 neo
342 737 472 815 potuisse
498 757 560 795 non
582 736 754 796 commoveri
778 757 833 795 neo
858 737 948 797 fuisse
972 737 1002 796 id

74 827 257 889 humanitatis
269 834 340 887 tuae
352 854 359 901 ;
379 829 455 906 quod
463 835 562 888 autem
571 829 617 887 his
628 828 723 888 Nonis
732 828 871 888 innostro
881 829 1002 908 collegio

69 938 130 979 non
142 920 284 980 adfuisses
297 920 492 980 valetudinem
508 921 669 999 respondeo
685 940 801 979 oausam
814 942 874 981 non
887 922 1001 981 maesti·
1070 974 1073 979 .

66 1010 139 1071 tiam
152 1011 252 1072 fuisse.
286 1013 436 1071 Laamns.
449 1013 542 1073 Recte
554 1018 590 1071 tu
600 1013 723 1091 quidem,
735 1014 875 1086 Scaevola,
887 1020 918 1072 et
925 1034 1001 1073 vare.

63 1104 132 1163 Nea
144 1104 222 1163 enim
235 1104 273 1163 ab
285 1103 343 1163 isto
357 1104 449 1163 officio
463 1104 540 1181 quod
554 1124 667 1182 semper
679 1104 815 1181 usurpavi
828 1125 917 1182 quum
926 1106 1001 1164 vale·

61 1214 128 1255 rem
140 1195 246 1255 abduci
258 1195 439 1255 incommodo
459 1216 523 1255 meo
538 1195 632 1268 debui,
647 1216 701 1254 neo
714 1196 773 1254 ullo
791 1215 860 1254 casu
877 1195 1002 1255 arbitror

61 1288 120 1347 hoe
133 1286 282 1347 oonstanti
294 1287 405 1346 homini
421 1307 506 1366 posse
524 1287 691 1364 contingere
704 1292 739 1345 ut
752 1287 812 1344 ulla
825 1276 1001 1346 intermissio

60 1379 116 1439 fist
130 1378 227 1438 offiioi.
269 1382 297 1437 9.
312 1380 358 1437 Tu
370 1384 477 1450 autem,
491 1378 594 1450 Fanni,
609 1378 686 1456 quod
699 1378 770 1436 mihi
782 1384 898 1436 tantum
911 1378 1002 1437 tribui

61 1470 137 1529 dieis
151 1474 293 1547 quantum
305 1490 359 1547 ego
379 1490 434 1528 neo
452 1490 576 1547 agnosco
599 1490 653 1528 neo
671 1470 795 1548 postulo,
809 1469 881 1528 facis
894 1470 1001 1552 amioe3

61 1561 125 1635 sod,
138 1566 175 1621 ut
194 1561 268 1619 mihi
279 1560 393 1633 videris,
408 1580 469 1620 non
488 1567 568 1620 reete
585 1561 698 1639 judicas
721 1562 756 1620 de
777 1561 896 1621 Catone.
936 1562 1001 1621 Aut

61 1653 145 1712 enim
162 1672 257 1725 nemo,
272 1652 349 1729 quod
366 1652 482 1731 quidem
503 1652 595 1730 magis
617 1653 710 1726 eredo,
724 1658 776 1712 aut
798 1654 824 1712 si
842 1654 1000 1732 quisquam,

60 1744 112 1805 ille
136 1744 252 1823 sapiens
274 1743 341 1803 fuit.
383 1744 543 1820 Quomodo,
567 1749 603 1804 ut
629 1745 685 1803 alia
711 1745 852 1816 omittam,
877 1751 1001 1805 mortem

61 1836 116 1895 filii
135 1836 222 1896 tulitl
264 1835 457 1895 Memineram
484 1836 625 1908 Paullum,
646 1836 773 1896 videram
794 1838 929 1909 Gallum
950 1838 1001 1898 sed

61 1928 92 1986 hi
105 1928 141 1987 in
152 1928 267 2007 pueris3
282 1928 355 1987 Cato
365 1928 534 2006 inperfecto
545 1934 576 1987 et
586 1934 716 2007 spectato
726 1929 796 1988 viro.
831 1934 877 1988 10.
894 1931 1000 2005 Quam-

191 2060 199 2083 D

62 2124 162 2173 pamage
172 2108 290 2157 andfrom
303 2109 401 2157 another
413 2107 462 2173 (De
473 2110 516 2157 Di·
548 2110 581 2172 by
597 2110 768 2158 Manutius—⁴
775 2111 931 2158 valetudinem
951 2127 1000 2160 res·

62 2171 206 2236 vin.i.⁴1).
548 2174 666 2236 pondeo:'
694 2175 792 2236 Seyffert
812 2175 921 2222 observes
947 2177 1001 2224 that

94 2238 156 2285 Nan
165 2236 267 2297 solstitii
275 2238 432 2297 qui-solitus
443 2237 513 2299 emes]
550 2238 703 2299 ‘respondeo’
720 2240 740 2285 is
756 2239 782 2284 in
800 2240 832 2285 all
846 2240 908 2299 good
918 2240 999 2298 Mss,

62 2301 124 2351 l'nis
139 2301 161 2349 la
177 2301 297 2362 generally
313 2301 433 2358 rendered,
447 2306 518 2362 “you
548 2302 594 2348 and
605 2303 672 2349 there
682 2304 702 2349 is
713 2318 744 2350 no
755 2304 1001 2367 raasonforrejecting

63 2368 181 2413 mnus
189 2370 292 2426 present,
301 2364 392 2426 though
401 2380 448 2426 you
457 2380 518 2413 were
548 2367 576 2413 it.
608 2366 683 2414 Orelli
690 2367 737 2413 and
747 2366 844 2427 Madvig
853 2368 912 2414 omit
922 2369 949 2415 it.

63 2427 247 2486 saemtomed;”
271 2429 318 2477 and
336 2428 404 2484 there
423 2430 444 2476 is
464 2444 518 2491 per-
584 2431 714 2492 Usurpaai]
751 2431 870 2492 ‘Usurpo’
883 2447 964 2480 means
974 2436 1000 2481 to

64 2492 126 2555 hep·
143 2507 176 2541 no
194 2492 312 2553 obieotion
330 2498 356 2540 to
373 2494 400 2549 it,
419 2493 456 2540 sor
476 2494 518 2541 the
550 2498 606 2540 ‘use
626 2494 759 2557 frequently
776 2510 803 2542 or
820 2497 999 2558 continnously.'

63 2556 516 2619 vord‘qnnm'mightbepntinplsaa
548 2556 663 2619 Compare
682 2560 720 2606 De
736 2559 790 2606 Am.
804 2562 827 2615 8,
844 2560 1000 2608 ‘Memoriam

64 2620 93 2669 of
106 2621 182 2683 ‘qni’
214 2621 393 2672 ‘Qui-solitas
407 2621 517 2669 asses'is
546 2623 660 2683 usurpet!
700 2623 725 2671 lt
742 2623 785 2669 hes
799 2638 814 2670 a
828 2625 930 2685 peculim·
940 2624 1001 2686 legal

64 2692 91 2733 to
100 2685 133 2733 be
141 2684 215 2735 talem
224 2685 282 2732 with
298 2685 340 2733 tha
355 2686 446 2747 subject
457 2685 515 2743 ‘tm'
548 2700 622 2741 sense,
631 2687 707 2733 which
721 2687 824 2747 signifies
831 2689 872 2736 the
882 2689 1000 2750 interrup-

7 2746 11 2759 '
64 2764 90 2798 ιι
100 2750 134 2797 ite
148 2753 317 2811 exponentes
333 2764 398 2797 more
415 2749 517 2811 partion-
548 2751 599 2797 tion
609 2751 636 2797 of
648 2752 766 2813 Usnoapio
786 2749 852 2814 (Dig.
872 2754 911 2808 41,
926 2752 999 2808 ties,

63 2814 126 2876 lai-ly
144 2813 302 2874 datemining
322 2814 364 2861 tlre
384 2829 470 2875 person
492 2815 521 2861 os
549 2829 568 2861 s.
579 2814 621 2876 2);
638 2814 682 2862 but
693 2816 713 2862 it
720 2816 769 2862 also
779 2816 799 2861 is
811 2817 866 2863 used
878 2820 903 2862 to
914 2816 1000 2878 signily

63 2878 143 2925 whom
158 2876 201 2925 tlte
213 2876 386 2938 predioetionis
403 2882 467 2925 ‘non
477 2879 517 2925 ad·
548 2879 590 2925 the
601 2880 759 2939 praservation
769 2880 797 2926 os
803 2895 818 2926 a
828 2880 889 2941 legal
898 2880 961 2940 right
966 2879 1001 2942 by

63 2940 518 3003 tnsn;’mdthisisplnninamtin
548 2943 737 2990 theexeroiseoi
750 2944 777 2990 it.

62 3010 184 3063 mmm,
194 3004 238 3061 lor,
248 3004 340 3067 though
354 3006 374 3053 it
384 3006 517 3067 impliesan
583 3008 652 3063 Quod
667 3007 738 3069 miti]
774 3006 847 3055 Orelli
873 3008 916 3053 has
943 3009 1000 3068 ‘qui

61 3069 213 3125 nam-aon,
224 3068 266 3116 the
278 3070 416 3117 affirmation
430 3070 516 3118 isenb-
548 3071 662 3119 mihi...
679 3071 752 3126 diois‚’
769 3071 845 3118 which
861 3072 874 3118 1
892 3070 999 3119 followed

6 3141 9 3193 l
60 3134 173 3184 nnn-te
188 3138 216 3181 to
230 3132 285 3181 mat
299 3134 421 3181 contained
435 3135 461 3181 in
476 3135 517 3182 the
547 3136 573 3182 in
584 3135 625 3183 the
643 3137 696 3183 first
712 3135 816 3192 edition;
832 3135 876 3182 bnt
886 3135 998 3197 wrongly.

6 3200 9 3251 l
60 3197 277 3247 hammoni.
549 3198 643 3250 ‘Quod'
654 3201 674 3247 is
684 3200 726 3247 the
736 3214 821 3260 proper
831 3199 891 3246 form
902 3199 966 3247 here.

91 3261 339 3324 lumlmwuepa]
363 3260 411 3309 ‘ln
420 3262 517 3321 oollagio
583 3264 712 3319 Quomodo,
734 3263 788 3325 tta]
824 3262 939 3324 Compare
960 3264 1000 3312 De

57 3324 153 3375 Μ
163 3340 212 3373 was
221 3339 237 3372 ι
245 3325 465 3382 neellamitem
475 3341 516 3387 ap·
549 3326 603 3374 Sen.
615 3342 636 3374 o.
648 3329 671 3384 4,
684 3327 781 3374 “multa
790 3327 851 3374 ineo
861 3326 936 3384 viro,”
949 3332 992 3376 &a

56 3404 131 3455 pm
146 3388 211 3439 nom
228 3388 271 3437 the
287 3389 437 3453 inscriptions
456 3390 517 3439 aad
583 3391 640 3439 Cato
651 3391 866 3453 inperfectam]
891 3392 999 3439 “Intha
