2174 3764
246 154 544 243 rrrsromnum
562 183 680 243 emm
699 182 799 244 uuo.
928 184 985 245 roc

57 348 107 402 cut
126 336 159 401 in
177 340 304 420 praemio
318 339 435 400 virtutis
456 346 507 398 cut
526 340 559 398 in
578 341 686 400 honore
698 341 859 400 verborum.
900 341 986 400 ider

57 434 119 512 ipso
132 435 260 493 Senatus
279 431 412 492 consulto
431 431 540 509 poteris
561 452 740 509 cognoscere.
781 433 831 492 Ite
849 433 926 492 euim
940 438 986 492 est

57 524 250 603 perscriptum
263 528 298 582 ut
310 543 328 582 e
340 543 387 582 me
401 522 436 582 de
454 522 560 601 scripto
579 523 656 582 dicte
675 524 821 583 sententie
833 530 886 597 est,
900 545 986 603 quam

58 619 183 676 Senatus
197 615 339 693 ‚frequens
362 618 479 674 secutus
502 620 547 674 est
572 635 683 674 summo
707 615 803 675 studio
826 636 986 695 magnoque

57 727 210 768 consensu.
259 706 323 783 Ego
348 726 520 785 quemquem
545 727 580 765 ex
605 707 665 766 tuis
691 705 791 780 literis,
819 727 890 786 quas
916 708 987 767 mihi

56 798 171 871 misisti,
197 817 397 876 perspexeram
423 802 454 856 te
480 797 571 875 megis
595 797 704 877 judicio
734 799 875 858 bonorum
901 819 986 876 quem

56 889 220 968 insignibus
245 888 352 967 gloriae
372 888 514 962 delectori,
528 894 626 948 tumen
645 888 883 949 considerandum
902 891 986 951 nobis

57 979 227 1053 existimavi,
240 979 354 1040 etiamsi
370 986 406 1039 tu
424 979 498 1038 nihil
517 981 687 1059 postulares,
700 986 841 1059 quantum
858 982 913 1040 tibi
925 1003 942 1041 c
954 1003 986 1041 re

56 1072 172 1153 publica
199 1071 361 1132 deberetur.
400 1072 446 1131 Tu
469 1077 605 1131 contexes
631 1076 758 1131 extreme
784 1092 849 1132 cum
875 1073 986 1151 primis.

58 1164 117 1240 Qui
129 1163 210 1224 enim
223 1162 267 1223 M.
281 1162 444 1222 Antonium
463 1163 644 1243 oppresserit,
658 1163 684 1222 is
701 1163 806 1222 bellum
821 1164 985 1224 confecerit.

57 1256 163 1333 Itaque
178 1255 326 1314 Homerus
346 1275 406 1315 non
423 1253 551 1334 Ajacem,
568 1275 623 1314 nec
636 1254 786 1329 Achillem,
806 1255 857 1315 sed
870 1256 986 1316 Ulixem

58 1342 212 1428 appellavit
225 1353 415 1425 πτολίπορθον.
454 1346 536 1407 Vale.

293 1527 341 1590 eo.
363 1521 514 1588 crocco
536 1527 702 1589 Puhuco
724 1528 752 1588 S.

345 1645 387 1722 (1.
403 1647 450 1704 14.
489 1663 519 1704 r.
533 1662 564 1704 u.
580 1661 606 1704 c.
621 1642 703 1722 711.)

60 1763 86 1823 0
99 1767 214 1841 grutem
225 1760 331 1820 famem
343 1760 431 1821 biduo
444 1766 512 1821 cute
524 1760 673 1820 victoriam
686 1760 721 1821 de
735 1759 863 1822 subsidio
875 1765 936 1834 tuo,
951 1762 986 1821 de

59 1852 166 1927 studio,
188 1852 224 1912 de
246 1849 401 1925 celeritate,
420 1852 456 1911 de
479 1853 586 1930 copiis!
625 1853 724 1932 Atque
748 1852 834 1912 etism
855 1853 987 1913 hostibus

58 1945 131 2007 fusis
145 1964 212 2024 spes
226 1943 319 2004 omnis
332 1948 377 2003 est
388 1943 421 2002 in
433 1948 473 2003 tc.
503 1943 626 2020 Fugisse
639 1944 716 2003 enim
734 1964 770 2002 ex
788 1945 894 2024 praelio
915 1945 984 2004 Mu·

58 2036 168 2099 tineosi
186 2035 324 2095 dicuntur
343 2034 487 2096 notissimi
509 2035 655 2094 latronum
675 2035 771 2118 duces.
811 2036 867 2095 Est
886 2042 984 2097 cutem

58 2148 118 2190 non
137 2127 235 2187 minus
254 2131 370 2205 gratum
384 2131 511 2186 extreme
524 2126 618 2186 delere
632 2146 716 2205 quem
729 2127 822 2205 prime
835 2128 983 2207 depellere.

59 2219 201 2299 Equidem
214 2219 412 2297 exspectabam
421 2217 483 2296 jem
495 2223 561 2276 tues
573 2217 672 2277 literas
684 2217 771 2296 idque
791 2239 857 2279 cum
868 2221 968 2280 multis
980 2247 987 2280 :

60 2310 265 2391 sperabamque
283 2310 370 2369 etism
383 2308 526 2388 Lepidum
543 2308 728 2387 reipublicae
744 2311 922 2389 temporibus
940 2313 990 2372 ed·

60 2402 203 2463 monitum
225 2407 323 2460 tecum
344 2402 375 2460 'et
398 2420 463 2459 cum
484 2399 651 2478 republica
672 2421 735 2461 esse
756 2401 910 2463 factunm.
950 2406 989 2464 In

10 2540 12 2547 .
60 2493 138 2555 illem
158 2493 249 2573 igitur
265 2513 364 2552 curum
384 2490 526 2565 incumbe,
539 2491 580 2550 mi
594 2491 707 2567 Plance,
720 2498 756 2551 ut
774 2513 811 2553 ne
824 2514 898 2573 queo
915 2496 988 2556 scin·

90 2685 269 2734 lix-Senatus
279 2681 396 2744 consulto]
420 2679 509 2728 hoou-
539 2682 587 2729 und
596 2681 724 2743 beginning
733 2678 865 2744 together.”

63 2749 149 2797 nultum
170 2748 198 2796 oi
213 2748 255 2794 the
272 2751 359 2804 senate,
376 2761 403 2793 or
416 2749 470 2792 vote
485 2744 512 2792 of
571 2747 611 2796 30.
631 2747 774 2809 Victoriam]
808 2747 859 2795 The
873 2747 947 2796 battle
965 2749 993 2796 of

62 2812 146 2861 thmks
155 2816 181 2861 tc
194 2812 291 2859 Plancus
306 2811 344 2859 for
356 2809 393 2857 his
404 2810 509 2866 services,
540 2809 642 2867 Mutine,
653 2811 680 2859 in
689 2810 765 2858 which
774 2811 810 2858 M.
819 2811 936 2862 Antonius
944 2830 990 2862 wes

62 2876 101 2926 tho
109 2882 183 2926 toruis
193 2875 220 2922 os
228 2875 310 2932 which,
321 2889 347 2922 os
358 2874 439 2922 cicero
449 2887 509 2934 says,
541 2873 647 2921 defeated
654 2874 733 2922 before
740 2874 838 2922 Plancus
849 2878 917 2925 could
925 2894 991 2927 come

63 2954 121 2990 were
134 2941 161 2988 in
176 2939 315 2987 accordance
324 2938 382 2986 with
393 2952 408 2984 s
418 2937 511 2984 written
542 2942 567 2984 to
577 2938 619 2985 the
628 2938 695 2985 relies
703 2938 729 2984 of
737 2939 768 2985 D.
780 2940 875 2987 Brutus.

64 3003 171 3066 poposnl
191 3003 219 3050 os
241 3003 278 3050 his
298 3017 358 3057 own,
384 3001 431 3048 und
452 3015 512 3048 were
574 3002 703 3063 Lepidum]
738 3002 774 3049 M.
791 3002 904 3052 Aemilius
920 3005 991 3067 lepi-

63 3069 144 3132 oopisd
159 3067 222 3115 from
232 3067 268 3114 his
279 3067 397 3123 dictation,
414 3064 460 3112 sud
470 3079 512 3126 sp·
543 3066 594 3122 dus,
616 3066 669 3113 who
684 3066 836 3113 commended
854 3082 869 3115 s
887 3069 952 3116 force
966 3071 992 3117 iu

65 3133 149 3193 proved
164 3131 222 3193 bys
237 3130 281 3178 full
300 3127 429 3194 (hequem)
445 3143 512 3176 seus-
543 3130 584 3176 the
605 3130 715 3186 nottho
736 3129 821 3189 ‘slight
840 3131 993 3180 unmeriteblo

65 3202 109 3245 trs.
125 3196 305 3244 This‘senstus
315 3192 513 3241 consultum'wss
543 3192 606 3240 men'
629 3192 666 3256 (es
688 3192 818 3255 Shekspero
843 3195 899 3242 cells
923 3195 991 3258 him),

66 3260 105 3308 the
116 3259 232 3320 ‘insignis
242 3257 344 3320 gloriae!
543 3257 596 3304 who
617 3256 750 3304 afterwards
765 3257 845 3318 joined
862 3257 899 3306 M.
916 3258 992 3306 Anto.

97 3322 225 3385 anae]
269 3323 293 3370 A
312 3320 437 3383 metsphm·
453 3320 513 3367 from
544 3322 597 3367 nius
623 3321 671 3368 sud
691 3320 832 3368 Octavianus
857 3321 943 3370 Ccessr
968 3323 997 3370 ‘ur

67 3388 176 3449 mvmg,
198 3390 267 3450 “you
287 3385 334 3433 will
360 3385 432 3434 finish
452 3384 516 3432 whut
545 3383 653 3447 ioruimss
664 3383 1017 3440 hemerammum

65 3451 141 3501 otim
158 3451 219 3499 have
237 3449 332 3516 becuns
356 3452 385 3503 ut
405 3451 450 3502 the
469 3449 521 3502 oud
552 3451 665 3515 scrihing
672 3450 761 3501 Cicero
769 3445 928 3496 sueonum-
