2198 3758
453 153 541 253 CAlff.
562 152 588 213 Ι.
609 152 653 211 ΙΙ.
980 152 1018 214 73

423 244 449 281 ⁹
555 280 559 289 .

74 332 165 392 quam
175 314 239 395 ejus
253 313 302 394 qui
316 319 348 373 et
366 294 528 373 diutisiime
539 333 626 372 senex
639 311 744 371 fuisset
758 315 788 369 et
801 308 833 369 in
846 313 908 390 ipsa
922 332 1019 372 senec·

75 409 144 466 tute
155 414 272 486 praeter
283 412 394 465 eeteros
412 406 577 477 floruisset3
598 405 648 477 sic,
666 424 755 482 quum
777 404 985 481 accepissemus
1001 426 1019 465 a

76 500 212 574 patribus
234 499 357 558 maxime
378 498 591 557 memorabilem
616 498 648 557 Ο.
668 496 760 555 Laelii
778 503 808 555 et
829 498 862 556 P.
877 498 1018 577 Scipionis

79 586 306 651 familiaritatem
328 590 427 664 fuisse,
441 591 546 649 idonea
561 589 633 648 mihi
653 589 746 648 Laelii
762 610 885 667 persona
898 591 960 650 visa
973 597 1018 651 est

82 698 154 756 quae
175 684 211 742 de
232 681 358 742 amicitia
377 703 410 741 ea
431 683 494 761 ipsa
513 682 666 741 dissereret
687 701 759 758 quae
773 681 921 760 disputata
934 683 969 742 ab
984 704 1018 744 eo

85 775 259 834 meminisset
274 776 416 835 Scaevola.
460 776 562 835 Genus
574 780 671 833 autem
685 774 740 833 hoc
754 795 928 849 sermonum,
942 779 1017 856 posi·

88 865 148 923 turn
160 866 191 925 in
203 867 352 927 hominum
366 872 496 925 veterum
511 866 685 925 auctoritate
696 869 726 924 et
737 886 836 924 eorum
850 867 1016 943 illustrium,

91 954 151 1030 plus
162 959 257 1018 nescio
276 979 332 1038 quo
352 963 438 1037 pacto
455 959 571 1017 videtur
587 957 693 1016 habere
712 958 871 1035 gravitatis.
912 961 1017 1039 Itaque

94 1043 149 1123 ipse
159 1052 331 1129 neclegens
352 1051 392 1109 sic
411 1051 519 1109 afficior
532 1051 680 1109 interdum
693 1057 728 1108 ut
743 1051 883 1110 Catonem
897 1073 957 1112 non
970 1074 1017 1113 mo

97 1134 164 1218 loqui
186 1145 354 1203 existimem.
396 1147 423 1202 5.
453 1143 511 1202 Sed
532 1146 567 1200 ut
589 1148 653 1201 tum
677 1143 714 1201 ad
740 1164 838 1201 senem
867 1165 954 1203 senex
981 1146 1017 1206 de

101 1240 238 1309 senectute,
253 1236 295 1295 sic
308 1236 363 1294 hoe
375 1235 449 1294 libro
463 1235 500 1294 ad
510 1235 634 1294 amicum
644 1234 833 1294 amicissimus
846 1235 1017 1297 deamicitia

39 1362 41 1368 ,
102 1324 208 1407 serpsi..
229 1329 305 1387 Tum
318 1333 364 1389 est
380 1328 453 1388 Cato
466 1329 582 1387 loeutus
597 1348 653 1406 quo
667 1333 729 1386 erat
743 1347 828 1386 nemo
847 1327 906 1386 fere
921 1330 1018 1389 senior

39 1374 42 1495 l
101 1414 257 1496 'temporibus
265 1420 332 1493 illis,
341 1440 426 1479 nemo
437 1418 626 1499 prudentior:
641 1440 720 1478 nune
729 1419 845 1478 Laelius
854 1425 884 1478 et
894 1421 1016 1499 sapiens,

39 1509 41 1515 ’
102 1502 136 1563 8ἱο
145 1512 212 1573 enirn
224 1520 269 1573 est
283 1513 409 1585 habitus,
424 1517 454 1571 et
468 1511 610 1571 amicitiae
627 1511 718 1589 gloria
736 1512 878 1571 excellens
899 1512 934 1571 de
948 1513 1016 1573 ami·

101 1593 156 1660 esth
165 1604 296 1685 loquitur.
337 1606 384 1663 'llu
395 1605 481 1664 velim
496 1603 624 1663 animum
639 1625 655 1663 a
668 1624 714 1662 me
727 1624 882 1683 parumper
895 1613 1016 1679 avertas,

98 1680 210 1757 laelium
232 1696 313 1776 loqui
335 1696 432 1775 ipsum
454 1701 550 1776 putea.
593 1697 626 1755 O.
649 1697 780 1755 Fannius
801 1704 831 1757 ct
847 1699 881 1771 Q.
897 1699 1017 1759 Mucius

96 1775 129 1835 ”tl
140 1804 258 1849 socerum
272 1788 396 1848 veniunt
414 1793 481 1868 post
501 1794 625 1891 rpprtem
643 1788 792 1850 Africani:
814 1790 850 1888 ab
864 1791 908 1849 his
923 1812 1016 1852 sermo

94 1870 181 1954 ⁰fltur,
192 1881 350 1961 respondet
363 1880 488 1953 Laelius,
500 1881 583 1960 eujus
594 1886 658 1957 tota
670 1881 829 1959 disputatio
840 1890 885 1942 est
899 1883 934 1943 de
946 1884 1015 1943 ami·

92 1958 256 2054 &linquam
269 1975 371 2053 legens
384 1979 464 2033 tute
477 1974 573 2052 ipsum
587 1966 751 2052 cognosces.

127 2050 166 2125 Il.
183 2073 210 2128 6.
231 2069 386 2127 Firmus.
407 2067 484 2125 Sunt
496 2066 563 2139 ista,
577 2066 668 2139 Laeli,
678 2086 733 2125 nec
753 2065 831 2125 enirn
851 2068 953 2126 melior
971 2068 1016 2128 vir

89 2136 145 2211 ἢῆ
155 2158 286 2220 Africano
300 2159 450 2239 quisquam
464 2178 518 2217 nec
532 2158 642 2217 clarior.
684 2159 741 2217 Sed
755 2159 918 2218 existimare
929 2161 1016 2221 debes

90 2248 207 2311 (renium
216 2252 315 2312 oculos
329 2250 449 2310 nuncin
459 2256 490 2309 te
499 2270 562 2309 esse
571 2252 716 2331 conjectos
732 2277 739 2325 ;
763 2272 854 2310 unum
863 2257 894 2310 te
903 2254 1015 2331 sapien-

92 2325 149 2396 iem
163 2349 191 2402 et
209 2343 358 2423 appellant
376 2348 406 2402 et
427 2341 601 2428 existimant.
643 2343 838 2403 Tribuebatur
856 2345 912 2404 hoc
930 2347 1016 2407 modo

95 2412 137 2485 Μ
148 2432 264 2510 (latoni3
284 2435 391 2495 scimus
405 2435 440 2495 L.
449 2433 575 2494 Atilium
588 2435 666 2514 apud
678 2440 776 2514 patres
791 2441 906 2495 nostros
920 2439 1016 2517 appel-

101 2604 164 2653 Μ’
179 2610 280 2673 dgniaes
300 2624 407 2672 persons,
428 2610 482 2657 thet
503 2610 531 2667 ie,
563 2611 631 2658 eeeds
641 2615 667 2658 to
678 2614 739 2659 treet
759 2612 811 2659 “de
827 2614 960 2662 conditione
971 2615 1017 2663 ho-

102 2652 172 2720 bam
187 2674 276 2737 megs,
299 2690 325 2723 a
346 2674 453 2722 nister
473 2675 532 2721 wau
563 2674 680 2732 minumss’
700 2676 753 2723 erae
770 2676 798 2733 s,
815 2681 841 2724 a
858 2683 918 2726 aaa
935 2679 1018 2728 oeus

103 2734 193 2787 ‘We
208 2740 335 2794 character,
346 2738 379 2801 hy
388 2739 465 2786 which
475 2739 532 2801 they
564 2743 571 2767 ⁴
579 2739 618 2800 jus
628 2740 798 2801 personarum‚’
811 2756 838 2788 or
851 2743 892 2790 the
905 2744 949 2789 law
964 2744 1017 2793 thet

103 2782 313 2866 baeutttsohjectsof
324 2804 377 2861 law,
388 2818 414 2850 as
428 2803 532 2864 opposed
562 2804 648 2851 relates
669 2808 694 2851 to
716 2820 821 2866 persons,
842 2806 868 2853 in
889 2808 930 2855 the
949 2822 1018 2855 sense

104 2852 202 2927 bthing.
216 2869 296 2917 which
312 2882 353 2915 are
370 2872 413 2915 not
425 2882 532 2929 persons,
563 2867 637 2915 abore
647 2869 778 2930 explained.

103 2908 208 2987 ΝΜ
224 2932 331 2981 material
346 2932 472 2992 things,as
489 2931 532 2978 ob·
596 2933 737 2994 acquiras]
774 2933 929 2996 ‘Loquetur,'
946 2934 1017 2997 Scyll.

102 2988 178 3041 Mol
188 3002 306 3059 property,
317 3010 344 3042 or
358 2996 418 3056 legal
428 2996 494 3053 facts,
506 3010 532 3042 as
564 3000 670 3044 —‘tute
680 2997 758 3060 ipsum
767 2996 782 3044 ·.’
796 3002 835 3045 ‘te
845 2998 911 3060 ipse,’
924 2998 994 3061 Seyff.

103 3054 198 3109 when
221 3062 269 3109 and
296 3060 339 3108 the
363 3060 419 3107 like.
461 3060 533 3108 Gaius
596 3063 619 3108 2.
636 3062 900 3123 Eaeecoajectoc,&c.]
920 3064 1019 3125 Seyffert

103 3118 211 3187 ..l'iffiss-
224 3129 246 3184 l,
258 3126 296 3173 tit.
313 3128 336 3180 h,
351 3139 370 3171 s.
385 3123 416 3187 1),
429 3124 532 3172 “Omne
563 3126 642 3187 points
656 3126 675 3173 it
691 3127 761 3173 thus:
780 3126 818 3172 ‘in
828 3131 852 3173 te
863 3142 915 3173 esse
926 3129 1017 3189 eonjec.

101 3184 317 3247 mmeramme
324 3190 353 3236 ad
360 3203 472 3251 personas
479 3204 531 3250 per·
563 3194 601 3237 tos
611 3205 702 3238 unum:
719 3196 744 3236 te
754 3191 901 3251 sapientem,’
913 3194 956 3239 &a

102 3240 149 3317 Ψ
162 3252 197 3301 vel
213 3254 243 3303 ed
259 3252 531 3309 resveledeetiones;”
595 3255 632 3301 M.
656 3254 768 3315 Oatoatr]
804 3255 842 3301 De
857 3255 911 3302 Sen.
929 3272 950 3303 c.
962 3259 1019 3304 2.-

102 3300 163 3363 'lfflt
178 3316 198 3365 le
216 3318 280 3365 from
300 3318 344 3365 the
366 3317 426 3365 lust.
447 3317 473 3379 (i.
496 3316 531 3378 8),
564 3317 608 3366 ‘Ia
623 3319 723 3365 Atilium
732 3316 746 3363 :'
764 3319 877 3381 probably
896 3321 937 3368 the
954 3336 1019 3369 same

39 3386 42 3431 ξ
102 3364 532 3444 'heheadwsedpriusvideamus
563 3382 616 3429 who
633 3382 654 3429 is
671 3382 806 3429 mentioned
823 3382 855 3444 by
872 3384 953 3433 Cicero
970 3385 1019 3448 (De

39 3478 42 3489 .
102 3426 265 3506 d'permulsa'
289 3446 336 3495 aad
353 3446 385 3495 he
402 3445 461 3493 then
477 3460 532 3508 pro·
565 3446 622 3508 Lag.
633 3447 658 3494 ii.
671 3444 722 3510 23),
734 3461 760 3494 as
775 3461 820 3494 one
834 3447 861 3495 of
873 3450 915 3497 the
925 3451 1018 3499 earlier,
