2174 3764
110 171 168 228 190
345 168 391 227 Μ.
412 166 556 227 TULLII
578 166 803 259 CICERONIS

354 377 400 434 19.
422 373 573 433 CICERO
595 371 743 434 SERVIO
764 372 793 431 S.

372 490 457 567 (1111.
472 493 519 549 20.
558 489 771 564 ⁴l.11.0.708-)

109 605 270 684 Asclapone
281 605 414 664 Patrensi
424 605 534 665 medico
543 610 613 665 utor
622 605 809 677 familiariter,
818 604 941 684 ejusque
950 624 1031 683 quum

109 696 286 758 consuetudo
304 697 375 756 mihi
387 697 517 775 jucunda
535 696 601 772 fuit,
621 703 685 756 tum
703 717 749 756 urs
763 696 861 768 etiam,
876 717 961 774 quam
974 717 1032 754 sum

108 794 244 867 expertus
257 789 289 846 in
301 788 465 847 valetudine
483 809 621 848 meorum.
661 789 701 847 In
718 807 775 867 qua
788 787 861 846 mihi
874 808 964 866 quum
975 788 1032 866 ipsa

109 880 235 954 scientia,
258 885 322 939 tum
345 880 432 939 etiam
454 880 593 939 fidelitate
612 879 869 958 benevolentiaque
890 880 1031 939 satisfecit.

108 972 198 1030 Hunc
216 971 307 1048 igitur
323 970 378 1030 tibi
395 971 571 1045 commendo,
593 976 624 1030 ct
642 989 660 1029 a
676 975 708 1030 te
726 975 796 1048 peto
808 975 845 1029 ut
859 970 912 1030 des
925 991 1032 1050 operam

108 1067 143 1122 ut
163 1062 307 1140 intelligat
331 1061 485 1139 diligenter
504 1082 550 1120 me
574 1061 720 1140 scripsisse
740 1062 776 1121 dc
796 1081 869 1135 sese,
890 1080 1033 1140 meamque

108 1154 383 1214 commendationem
403 1153 470 1212 usui
490 1173 594 1231 magno
616 1153 671 1212 sihi
688 1152 785 1212 fuisse
826 1153 895 1212 Erit
918 1154 949 1213 id
969 1152 1033 1213 mihi

108 1246 292 1306 vehementer
304 1250 427 1324 gratum.

350 1403 397 1459 20.
420 1396 571 1458 CICERO
593 1395 742 1458 SERVIO
763 1397 791 1457 S.

372 1515 457 1592 (mr.
471 1517 519 1573 25.
558 1532 588 1573 n.
603 1531 633 1574 u.
648 1531 674 1574 o.
689 1511 771 1590 tos.)

108 1633 308 1711 Hegesaratus
321 1631 489 1692 Larissaeus
502 1630 614 1708 magnis
627 1628 698 1689 meis
712 1629 859 1690 beneficiis
873 1631 1033 1692 ornatusin

108 1724 260 1784 consulatu
271 1743 335 1782 meo
348 1727 497 1782 memoret
507 1728 606 1800 gratus
616 1720 681 1795 fuit,
691 1741 793 1800 meque
803 1726 909 1800 postea
919 1723 1033 1802 diligen·

107 1816 218 1875 tissime
231 1814 328 1874 coluit.
368 1815 444 1873 Eum
463 1814 518 1873 tibi
536 1834 641 1891 magno
661 1833 746 1893 opere
766 1816 937 1874 commendo
955 1820 1033 1874 utet

100 1907 250 1984 ¹hospitem
262 1926 358 1964 meum
368 1911 399 1964 et
408 1905 574 1967 familiarem
584 1910 615 1965 et
623 1910 737 1981 gratum
747 1905 895 1964 hominem
905 1915 936 1965 et
946 1907 1034 1965 virum

107 1998 216 2056 bonum
236 2001 267 2055 et
287 1996 445 2074 principem
466 1996 590 2056 civitatis
614 2017 682 2056 suae
701 2001 732 2055 et
752 2001 804 2054 tua
823 1998 1034 2057 necessitudine

109 2087 315 2166 dignissimum.
357 2088 528 2164 Pergratum
548 2088 619 2146 mihi
632 2087 743 2160 feceris,
757 2088 781 2145 si
795 2087 909 2147 dederis
923 2109 1034 2168 operam

107 2185 143 2238 ut
154 2179 180 2238 is
189 2179 332 2255 intelligat
341 2179 415 2237 hanc
425 2199 517 2238 meam
528 2179 804 2239 commendationem
812 2200 952 2258 magnum
963 2179 1034 2260 apud

108 2275 139 2330 te
151 2270 264 2350 pondus
277 2270 419 2330 habuisse.

335 2429 383 2484 21.
405 2424 557 2485 CICERO
577 2423 760 2507 MEMMIO
781 2425 810 2484 S.

383 2542 510 2619 (xr11.3.
550 2560 580 2601 n.
594 2560 625 2602 u,
640 2561 666 2602 c.
679 2541 760 2619 toa.)

109 2661 146 2720 A.
172 2657 288 2718 Fufium
313 2678 405 2717 unum
436 2679 471 2717 ex
503 2658 574 2717 meis
608 2658 726 2731 intimis,
753 2656 1035 2719 observantismmum

109 2749 405 2827 studiosissimumque
424 2749 526 2821 nostri,
546 2749 692 2808 eruditum
709 2748 856 2807 hominem
873 2756 905 2810 et
927 2770 1036 2810 summa

109 2843 296 2916 humanitate,
307 2846 415 2920 tuaque
425 2840 550 2900 amicitia
563 2840 769 2918 dignissimum,
780 2840 865 2899 velim
874 2841 918 2901 ita
931 2847 1036 2902 tractes

143 2991 179 3039 19.
190 2988 288 3037 Aletter
295 2986 417 3034 addressed
427 2990 452 3032 to
464 2985 557 3033 Servius
589 2984 655 3046 clapo
664 3000 711 3033 was
724 2985 765 3032 the
782 2985 904 3046 physician
914 2987 942 3035 of
949 2988 1036 3036 limat

110 3053 232 3115 Sulpicius,
237 3067 282 3100 one
288 3051 315 3098 os
319 3051 359 3097 the
364 3049 556 3097 mostillustiious
589 3049 670 3096 Patrae
682 3047 730 3112 (Ad
742 3049 795 3096 Div.
806 3050 852 3097 xvi.
864 3046 899 3111 9).

110 3117 137 3163 of
143 3118 185 3164 the
196 3116 307 3170 Romans,
320 3130 335 3161 a
342 3114 419 3176 jurist,
430 3129 461 3160 an
471 3117 556 3168 orator,
620 3115 659 3161 21.
670 3113 766 3160 Aletter
773 3117 798 3159 to
807 3112 834 3160 C.
843 3113 980 3170 Memmius,
987 3113 1035 3161 who

109 3181 156 3226 and
173 3195 188 3227 a
204 3185 337 3227 statesmau.
371 3178 410 3225 He
427 3191 474 3224 was
489 3176 557 3222 made
588 3191 634 3223 was
649 3181 674 3224 at
688 3177 734 3225 this
751 3176 808 3223 time
821 3175 895 3239 living
904 3179 929 3224 in
945 3179 1035 3226 exilcst

109 3243 233 3303 proconsul
250 3243 278 3289 of
290 3241 377 3289 Achaia
392 3241 424 3303 by
435 3240 463 3288 C.
478 3240 556 3287 Julius
587 3238 709 3302 Mytilene.
739 3240 799 3287 'l'his
814 3240 834 3287 is
852 3241 893 3288 the
911 3241 1034 3290 Memmius

108 3305 200 3364 Caesar,
221 3306 268 3354 aud
287 3306 371 3367 durIug
385 3305 421 3352 hls
439 3304 557 3351 residence
588 3307 613 3350 to
631 3303 708 3351 whom
727 3304 849 3352 Lucretius
867 3304 986 3354 dedicated
1000 3304 1033 3352 hia

96 3370 122 3415 iu
144 3371 239 3420 Achaia
263 3370 345 3420 Cicero
367 3373 421 3418 seut
439 3368 491 3416 him
510 3368 559 3414 this
587 3382 666 3429 eoem.

87 3433 164 3483 letter
190 3437 222 3486 of
246 3435 478 3487 recommendation.
522 3433 566 3482 ha·
