2174 3764
127 157 165 214 32
452 153 557 214 CATO
577 153 665 214 ΜΔ]
667 154 731 214 OB.

126 317 214 370 natur
225 311 257 370 in
271 332 347 371 suos.
387 311 433 370 Ut
452 311 529 370 enim
549 312 757 371 adolescentem
776 310 809 369 in
821 331 879 389 quo
899 311 990 371 senile
1006 312 1054 371 ali·

126 403 203 480 quid,
224 404 264 461 sio
286 423 384 462 senem
402 403 510 481 inquo
538 410 583 462 est
606 403 712 482 aliquid
735 402 926 462 adolescentis
948 404 1051 482 prob0;

126 494 202 572 quod
216 495 265 572 qui
278 495 408 572 sequitur
422 515 539 573 corpore
558 516 645 554 senex
658 515 720 554 esse
740 495 856 572 poterit,
870 496 967 555 animo
980 516 1049 554 nun-

125 607 209 664 quam
224 587 286 644 erit.
314 586 459 664 Septimus
473 587 543 644 mihi
552 586 704 663 Originum
717 584 789 644 liber
802 591 848 644 est
857 585 889 644 in
903 587 1047 646 manibus:

124 677 220 735 omnia
243 676 423 754 antiquitatis
446 684 633 735 monumenta
655 676 719 736 colli
740 696 799 736 o:-
836 697 955 736 asarum
974 679 1046 736 illus·

124 768 213 826 trium
236 788 421 846 quascunque
441 768 555 828 defendi
576 789 655 827 nunc
675 789 693 846 q
734 754 789 826 illU
832 750 909 828 nina
933 770 1065 853 conficio·

103 885 104 889 ¹
125 859 286 918 orationes:
304 861 352 938 jus
371 861 531 937 augurium,
545 861 732 939 pontificium,
746 860 827 919 civile
845 866 958 921 tracto:
979 862 1045 921 mul·

123 955 187 1008 turn
201 950 287 1009 etiam
303 951 421 1010 Graecis
440 952 546 1010 litteris
561 958 636 1023 utor,
651 952 955 1030 Pythagoreorumque
973 972 1045 1012 more
1069 960 1075 981 ¹

124 1043 296 1101 exercendae
309 1042 460 1101 memoriae
474 1043 573 1119 gratia,
588 1043 656 1120 quid
669 1062 781 1120 qnoque
799 1042 846 1102 die
859 1043 988 1115 dixerim,
1001 1064 1045 1103 au·
1076 1068 1079 1075 ·

123 1132 231 1205 dierim,
246 1135 360 1211 egerim,
375 1154 563 1193 commemoro
577 1135 696 1213 vesperi.
736 1135 804 1193 Hae
826 1142 897 1193 sunt
915 1136 1045 1196 exercito·

115 1217 216 1283 ‘tiones
227 1225 343 1302 ingenii,
352 1226 422 1284 haec
430 1226 571 1285 curricula
578 1225 699 1284 mentis:
713 1225 745 1283 in
754 1225 799 1283 his
810 1226 955 1286 desudans
965 1234 1046 1307 atqua

122 1316 270 1375 elaborans
281 1317 406 1396 corporis
415 1318 488 1375 viros
498 1337 558 1376 non
568 1337 671 1394 magno
682 1337 767 1395 opere
776 1316 915 1377 desidero.
937 1319 1047 1379 Adsum

59 1432 63 1447 ¹
122 1407 236 1479 amicis:
263 1409 345 1467 venio
367 1409 399 1467 in
421 1410 559 1467 Senatum
579 1407 714 1485 frequens
735 1408 869 1486 ultroque
891 1411 981 1469 affero
1002 1430 1046 1470 ras

121 1500 245 1558 multum
263 1506 293 1558 et
310 1501 360 1558 diu
373 1501 521 1577 cogitatas,
535 1519 638 1577 easque
650 1504 736 1558 tueor
748 1499 837 1557 animi
849 1521 911 1559 non
923 1502 1047 1581 torposis

106 1591 237 1671 mribus.
279 1591 360 1665 Quae
381 1592 406 1650 si
429 1591 545 1669 exsequi
564 1590 720 1668 nequirem,
740 1595 839 1648 tamen
857 1611 905 1650 me
925 1592 1047 1653 leotadus

121 1682 278 1742 oblectaret
297 1703 378 1741 meus
398 1702 433 1740 ea
452 1683 514 1759 ipsa
533 1682 707 1759 cogitantem
721 1701 793 1760 quae
807 1682 868 1760 jam
886 1702 973 1760 agero
989 1702 1048 1743 non

96 1793 249 1861 ⁸possem3
270 1774 320 1832 sed
340 1779 374 1831 ut
393 1775 500 1850 possim
520 1774 590 1832 facit
610 1778 674 1831 acta
686 1773 754 1831 vita.
795 1773 914 1851 Semper
928 1775 1048 1857 enimin

119 1864 164 1922 his
186 1864 288 1922 studiis
307 1864 508 1941 laboribusque
527 1864 635 1923 viventi
658 1885 718 1923 non
740 1864 914 1942 intelligitur
934 1868 1046 1944 quando

119 1955 238 2034 obrepat
253 1960 394 2041 senectus.
435 1957 484 2014 Ita
497 1957 604 2014 sensim
622 1955 684 2014 sine
704 1975 792 2014 sensu
811 1965 891 2015 aetas
905 1959 1046 2031 senescit;

118 2067 172 2105 nec
186 2047 281 2105 subito
294 2046 446 2124 frangitur,
462 2047 513 2105 sed
526 2047 717 2105 diuturnitate
731 2046 935 2124 exstinguitur.

149 2176 195 2222 Jua
213 2176 347 2236 cucumam,
361 2176 416 2237 dra]
451 2174 565 2222 Ernesti’s
596 2174 708 2222 hasbeen
719 2174 1046 2236 supposedtooontain‘voh'

118 2238 213 2299 reading
228 2240 248 2285 is
259 2239 319 2299 “jus
333 2254 454 2299 augurum,
471 2240 565 2300 pontifi·
596 2240 637 2285 the
653 2244 705 2286 root
721 2239 748 2285 of
764 2238 848 2285 ‘volo’
884 2239 982 2297 ‘Citra'
999 2242 1046 2291 ‘el-

119 2303 195 2348 cum.’'
228 2303 262 2349 As
282 2317 317 2348 we
343 2318 390 2363 say,
414 2303 474 2363 “jus
500 2303 566 2349 civile
596 2302 650 2359 tro,'
677 2303 828 2364 respectively
854 2305 995 2366 correspond
1019 2310 1046 2353 to

120 2366 302 2421 Romanorum,”
313 2366 442 2426 soperhaps
448 2381 483 2413 we
489 2367 565 2427 might
597 2366 686 2413 ‘ultra'
696 2366 742 2412 and
760 2367 835 2413 ‘ultro
844 2366 859 2412 ι’
885 2368 964 2416 ‘ultro
973 2368 980 2391 '
990 2384 1045 2417 oon·

117 2445 167 2490 say,
179 2430 238 2490 “jus
257 2428 395 2490 augurum,”
407 2429 449 2476 but
464 2431 505 2477 tha
523 2431 564 2477 ad-
595 2430 657 2477 tains
672 2430 713 2476 tha
729 2431 829 2477 clement
840 2430 866 2477 of
878 2431 949 2488 ‘illa’
961 2431 1009 2490 ‘ih’
1018 2447 1046 2481 α·

116 2494 199 2552 iective
209 2495 229 2540 is
239 2494 280 2540 the
292 2495 368 2540 better
375 2494 436 2540 form
444 2495 565 2555 according
597 2491 652 2550 ‘ol,'
668 2494 715 2540 and
732 2509 758 2541 as
777 2493 867 2540 ‘ultra'
885 2509 967 2543 means
989 2501 1045 2545 “on

118 2563 143 2602 to
161 2558 265 2618 analogy,
277 2558 367 2618 though
384 2559 403 2604 it
419 2558 460 2604 has
473 2565 515 2605 not
524 2559 566 2605 the
595 2558 648 2604 that
655 2571 682 2604 or
689 2558 730 2604 the
737 2558 827 2604 further
835 2557 911 2614 sida,'’
921 2574 948 2607 so
959 2559 1044 2609 ‘ultro‘

119 2627 180 2667 most
191 2622 261 2668 MSS.
273 2622 298 2668 in
309 2623 339 2668 its
349 2621 436 2668 favour.
596 2636 676 2668 means
688 2621 808 2667 “towards
819 2621 861 2668 tha
870 2622 962 2671 further
971 2639 999 2672 or
1007 2638 1043 2673 re·

150 2685 367 2746 Pythagoreorum]
403 2685 462 2733 Cato
475 2686 530 2732 does
546 2685 566 2731 it
597 2684 773 2746 moterplaoe.”
800 2685 823 2731 lt
833 2700 887 2746 may
896 2688 1054 2751 accordingly·

118 2754 144 2795 to
155 2750 254 2796 exercise
263 2750 305 2795 the
313 2763 417 2811 memory
425 2750 488 2811 only,
499 2765 525 2796 as
535 2749 566 2796 he
597 2764 664 2795 mean
674 2747 789 2803 ‘furthen’
801 2749 947 2807 ‘mareoten'
957 2752 1044 2809 ‘eram'

119 2828 177 2874 says.
210 2813 260 2860 The
272 2814 432 2874 Pythagoreas
442 2828 525 2869 verses,
540 2829 566 2860 as
598 2811 1045 2869 ‘besides,'andthissaemstobatha

118 2876 173 2938 they
185 2892 223 2922 are
234 2877 313 2933 called,
328 2877 475 2924 recommend
486 2878 541 2924 itas
552 2893 566 2923 a
596 2876 704 2936 meaning
712 2876 780 2933 here;
797 2891 823 2922 as
833 2877 852 2923 it
863 2877 882 2923 is
896 2879 1009 2944 certainly
1018 2880 1045 2928 ln

119 2941 192 2987 moral
208 2941 341 3003 disolphne3
358 2941 404 2987 and
420 2955 482 2988 none
497 2941 565 2988 could
596 2939 694 2987 another
710 2955 805 3001 passage
824 2939 851 2986 of
866 2940 947 2989 Cicero
965 2941 1044 3006 (Van.

119 3005 148 3052 be
158 3005 249 3052 better:
596 3004 620 3050 ii.
637 3004 660 3060 3,
677 3019 697 3051 c.
709 3004 765 3065 98):
783 3004 908 3051 “etiamne
920 3007 946 3052 in
962 3008 1045 3055 seham

117 3079 174 3139 μήδ’
191 3079 274 3129 ὕπνον
314 3079 444 3128 αλακοῖσιν
464 3076 503 3127 ἐπ’
522 3078 565 3142 ὄμ-
597 3082 677 3142 (ΝΜ,
691 3069 785 3128 ⁰¹¹Pi⁸¹¹t
807 3069 877 3128 ΜΒ
897 3068 961 3125 ‘3⁸¹0’
983 3073 1046 3120 ¹¹1¹„

149 3161 209 3206 μασι
222 3161 286 3205 προσ
302 3143 410 3199 έξασθαι,
423 3147 465 3190 &a
596 3132 838 3206 pecullfflmssfflfldem
848 3131 933 3180 “idere
942 3133 970 3180 γ’

632 3195 855 3256 Vicoateriensis]
891 3196 942 3243 ‘To
958 3213 974 3244 a
990 3214 1047 3248 man

114 3229 566 3356 ..lisitanallttlnl
596 3257 1047 3379 gggygbohgffifgggsqr·
