2174 3764
105 148 154 250 ‘aa
418 187 721 251 chronicon

114 347 204 426 major
216 347 287 406 haec
301 347 387 406 dicit:
408 347 535 407 “Nolite
556 347 728 421 arbitrario
746 346 817 406 mihi
834 345 976 409 carissimi
989 348 1048 423 filii,

114 458 160 497 me
182 459 271 517 quum
291 459 310 496 a
332 438 412 497 vobis
433 438 590 498 discessero
609 460 752 518 nusquam
771 444 824 498 aut
843 441 960 500 nullum
975 441 1047 502 fore.

115 531 179 588 Neo
192 530 270 588 enim
283 529 353 588 dum
373 549 450 588 eram
468 530 615 590 vobiscum
634 532 762 590 animum
782 551 879 591 meum
897 531 1048 605 videbatis,

115 620 167 680 aed
185 641 252 679 eum
271 640 335 680 esse
354 620 387 679 in
405 621 460 679 hoc
479 641 599 700 corpore
618 642 654 680 ex
672 622 708 682 iis
727 623 814 682 rebus
828 643 900 701 quas
914 625 1048 702 gerebam

114 712 328 789 intelligebatis.
356 712 489 771 Eundem
503 713 594 790 igitur
607 733 671 772 esse
684 713 832 786 creditote‚
844 715 931 773 etiam
947 715 973 774 si
985 716 1048 775 nul-

113 805 175 862 lum
184 804 327 863 videbitis.
349 809 396 864 80.
408 804 473 863 Nec
482 824 549 862 vero
561 805 702 863 clarorum
711 805 838 863 virorum
846 811 915 883 post
925 811 1048 867 mortem

114 895 237 954 honores
256 900 467 973 permanerent,
482 895 507 952 si
527 895 600 953 nihil
620 916 720 955 eorum
738 895 868 973 ipsorum
887 897 977 955 animi
990 898 1048 957 effi·

114 994 213 1046 cerent
224 1007 280 1065 quo
289 987 399 1046 diutius
409 986 572 1045 memoriam
584 987 630 1045 sui
639 992 813 1046 teneremus.
844 987 923 1047 Mihi
933 989 1049 1067 quidem

113 1098 263 1156 nunquam
287 1078 454 1156 persuaderi
477 1078 574 1156 potuit
598 1077 708 1137 animos
731 1078 799 1136 dum
821 1078 854 1136 in
880 1081 1049 1157 corporibus

114 1175 211 1228 essent
225 1170 394 1229 mortalibus
407 1169 511 1241 vivere,
525 1189 614 1247 quum
628 1170 755 1228 exissent
769 1169 853 1227 exiis
868 1172 975 1231 emori:
995 1192 1049 1233 nec

12 1246 96 1324 :uiuo
113 1281 181 1321 vero
204 1267 268 1319 tum
291 1262 417 1320 animum
438 1280 502 1319 esse
524 1260 709 1338 insipientem
730 1281 819 1338 quum
842 1281 877 1320 ex
898 1262 1049 1349 insipienti

114 1373 233 1431 corpore
256 1353 412 1423 evasisset;
436 1352 486 1411 sed
510 1372 600 1429 quum
621 1352 700 1410 omni
722 1351 900 1411 admixtione
921 1354 1049 1432 corporis

113 1445 252 1505 hberatus
266 1465 357 1522 purus
371 1451 401 1504 et
414 1445 528 1521 integer
541 1463 604 1502 esse
618 1444 768 1522 coepisset,
780 1449 845 1502 tum
859 1464 923 1504 esse
937 1446 1049 1525 sapien·

113 1543 183 1595 tem.
213 1537 312 1614 Atque
324 1536 412 1594 ctiam
422 1556 511 1613 quum
521 1535 644 1593 hominis
654 1539 759 1594 natura
769 1541 862 1594 morta
873 1536 1048 1609 dissolvam,

114 1633 273 1685 ceterarum
295 1646 392 1684 rerum
412 1626 597 1704 perspicuum
616 1632 662 1684 est
680 1646 736 1703 quo
755 1646 885 1704 quaeque
904 1627 1048 1700 discedat3

114 1720 223 1777 abeunt
236 1718 311 1776 enim
332 1718 400 1776 illuc
419 1717 516 1776 omnia
532 1717 610 1775 unde
631 1723 696 1775 orta
714 1722 801 1789 sunt;
822 1717 937 1777 animus
951 1725 1049 1779 autem

114 1810 192 1868 solus
207 1829 261 1867 nec
277 1829 366 1886 quum
385 1808 467 1867 adest
485 1828 539 1867 neo
559 1828 648 1886 quum
668 1808 790 1867 discedit
810 1815 940 1887 apparet.
982 1811 1048 1871 Jam

113 1921 180 1958 vero
203 1900 307 1958 videtis
330 1900 403 1958 nihil
420 1919 483 1958 esse
504 1900 592 1957 morti
613 1904 674 1958 tam
694 1899 790 1958 simile
806 1919 893 1977 quam
906 1914 1046 1962 somnum.

114 1996 162 2051 81.
183 1991 278 2068 Atqui
291 1991 495 2049 dormientium
508 1991 597 2048 animi
615 1991 738 2049 maxime
754 1991 902 2050 declarant
917 1993 1046 2053 divinita-

113 2089 173 2141 tem
188 2102 267 2140 suam
280 2106 288 2153 ;
308 2082 401 2141 multa
414 2082 490 2140 enim
501 2101 588 2158 quum
600 2082 713 2140 remissi
723 2087 753 2140 et
766 2083 849 2140 liberi
863 2090 935 2142 sunt
948 2084 1046 2145 futura
1064 2058 1082 2123 l

113 2173 302 2252 prospiciunt.
343 2174 388 2231 Ex
402 2193 458 2251 quo
472 2172 647 2250 intelligitur
659 2174 757 2250 quales
770 2173 864 2232 futuri
878 2175 947 2248 sint,
956 2197 1044 2256 quum

114 2285 145 2325 se
158 2267 242 2343 plane
255 2265 381 2342 corporis
394 2264 516 2323 vinculis
530 2264 728 2323 relaxaverint.
770 2265 876 2339 Quare,
889 2267 914 2324 si
924 2267 994 2326 haec
1006 2268 1046 2325 ita

114 2362 192 2430 sunt,
207 2357 247 2415 sic
265 2376 311 2414 me
331 2356 449 2415 colitote
469 2361 504 2414 ut
523 2355 629 2414 Deum.
670 2357 722 2415 Sin
735 2377 794 2417 una
813 2362 859 2415 est
872 2357 1043 2418 interiturus

113 2497 213 2547 Cicero's
230 2498 328 2556 version,
345 2498 371 2544 in
382 2498 458 2544 which
475 2497 506 2543 he
521 2497 564 2544 has
596 2497 720 2544 sideration
733 2498 760 2544 of
768 2498 809 2545 the
820 2513 888 2546 sense
904 2501 932 2547 of
943 2502 985 2549 the
994 2516 1043 2565 pas·

113 2561 211 2610 omitted
223 2577 288 2609 some
298 2566 369 2623 parts.
402 2561 453 2608 The
468 2575 565 2623 passage
596 2562 789 2621 sagewillshow.
1006 2576 1010 2581 ·

113 2627 203 2687 begins,
223 2625 258 2672 Οὐ
277 2628 324 2687 γὰρ
344 2625 425 2680 liceo
446 2625 519 2671 τοῦτό
537 2641 563 2686 γε
628 2627 693 2672 Dum
702 2628 726 2672 in
736 2627 875 2686 corporibus
883 2629 971 2690 emeat]
989 2624 1044 2675 This

114 2695 198 2752 σαφῶς
217 2688 307 2736 δοκεῖτε
328 2689 424 2736 εἰδέναι.
456 2689 508 2735 'ibe
527 2703 564 2734 ar·
595 2703 638 2734 use
649 2688 676 2735 of
685 2693 691 2716 ‘
700 2690 756 2735 dum
766 2690 773 2712 ¹
785 2690 842 2735 with
852 2690 893 2736 the
901 2691 1045 2752 subjunctive

113 2753 247 2816 gumentos
256 2753 390 2814 Xenophon
401 2753 437 2799 for
447 2754 488 2799 the
499 2752 564 2798 inde·
595 2751 711 2799 firrnishes
730 2768 745 2799 a
765 2753 826 2812 good
844 2755 952 2815 example
970 2756 998 2803 os
1015 2756 1044 2803 its

113 2819 217 2880 pendent
227 2818 344 2864 existence
355 2817 382 2864 of
390 2818 430 2864 the
442 2814 564 2871 ‘animus'
595 2821 698 2862 coutrast
716 2817 773 2862 with
790 2816 876 2863 ‘dum’
893 2818 941 2866 and
956 2819 998 2867 the
1011 2819 1044 2866 in·

114 2883 150 2929 for
170 2884 201 2930 its
226 2883 342 2928 existence
362 2881 520 2942 independent
540 2879 568 2925 of
596 2880 703 2937 dicative,
716 2880 787 2927 ‘dum
797 2880 878 2927 eram!

113 2948 154 2994 the
165 2961 277 2994 sensuous
288 2946 349 2991 form
360 2945 460 3005 through
477 2944 523 2990 and
533 2942 565 3003 by
631 2943 770 2991 Ceterorum
791 2959 951 3006 rerum-pao
978 2960 1046 3008 quac-

114 3013 189 3058 which
208 3012 227 3056 it
245 3015 301 3065 acts,
322 3024 376 3070 may
395 3008 424 3055 be
442 3007 565 3068 compared
596 3007 651 3068 pac]
688 3008 731 3054 See
742 3023 762 3054 c.
774 3011 798 3064 2,
809 3012 873 3055 note.

114 3075 170 3120 with
192 3073 295 3121 Butler's
319 3076 449 3131 argument,
473 3071 533 3118 “Of
550 3085 565 3116 a
629 3071 974 3135 SicmecoliioteutDeum.]
996 3071 1047 3121 'l'he

115 3135 497 3196 FutureLile,''inhisAnalogy.
521 3135 564 3181 See
596 3134 672 3181 critics
690 3136 806 3196 complain
825 3134 852 3181 os
871 3135 974 3184 cicero's
994 3150 1046 3184 ren·

114 3202 162 3247 also
174 3202 209 3247 M.
221 3200 355 3247 Antoninus
365 3200 405 3246 xii.
417 3201 456 3247 28.
595 3198 677 3258 deriug
698 3199 725 3245 of
743 3199 784 3245 the
802 3199 899 3258 original
916 3201 967 3257 τὴν
985 3199 1047 3259 ἐμὴν

147 3265 249 3309 Nullam
269 3263 406 3324 videbitne]
447 3261 510 3309 Thu
535 3260 563 3316 is,
595 3259 685 3322 ψυχὴν
708 3259 903 3324 καταιδούμενοι.
944 3263 994 3311 But
1010 3262 1048 3311 hle

106 3326 222 3383 “though
240 3341 290 3387 you
308 3327 354 3374 will
371 3331 414 3374 not
430 3340 469 3373 see
485 3328 564 3372 meat
595 3325 673 3385 object
683 3341 730 3372 was
740 3330 783 3373 not
797 3331 822 3372 to
832 3325 917 3373 moder
932 3326 1048 3389 litenllya

89 3385 156 3432 all.¹'
181 3388 291 3437 Neither
304 3389 568 3440 ‘eundem'nor‘uul-
598 3403 643 3438 nor
653 3389 808 3453 petisheiar
818 3389 1014 3439 uomthomsru

76 3443 237 3499 Ium'refers
250 3460 279 3502 to
294 3457 438 3519 ‘animum'
449 3474 479 3508 as
488 3473 504 3507 a
513 3470 574 3506 con·
