2174 3764
102 185 163 243 236
340 181 386 242 M.
407 179 553 240 TULLII
574 177 801 240 CICERONIS

103 360 208 418 magno
222 359 309 418 opere
322 339 445 399 imitare
457 337 581 416 posset?
596 357 668 418 quae
680 336 753 398 res?
773 356 851 415 quae
865 336 952 417 spesi
965 336 1031 416 quod

103 430 193 492 animi
216 430 374 491 solatium?
414 426 460 489 Ut
482 449 550 489 cum
575 431 670 508 aliquo
693 429 883 497 adolescente
909 429 1031 510 primario

104 523 258 602 conjuncta
270 527 395 581 aetatm
414 521 552 599 gereret?
592 521 720 581 Licitum
739 525 786 580 est
802 521 869 595 tibi,
884 521 972 594 credo,
983 540 1032 600 pro

105 620 157 674 tua
177 612 319 691 dignitate
339 633 374 673 ex
397 613 452 672 hac
468 613 626 693 juventute
647 632 787 690 generum
811 613 940 692 deligere
957 612 1031 692 cujus

104 705 172 766 fidei
184 706 289 765 liberos
302 710 370 765 tuos
387 710 419 764 te
439 710 506 763 tuto
528 704 708 764 committere
726 708 858 782 putares.
899 706 950 764 An
960 710 992 764 ut
1002 722 1031 763 ea

104 797 209 856 liberos
227 816 263 855 ex
277 816 340 856 sese
353 801 476 876 pareret,
490 816 562 874 quos
576 816 666 875 quum
678 796 816 854 florentes
830 796 944 857 videret
955 797 1030 856 laeta·

104 888 209 949 retur?
223 888 273 967 qui
286 909 348 947 rem
361 908 378 946 a
391 893 513 967 parente
526 888 663 947 traditam
676 907 769 966 perse
782 892 888 948 tenero
900 886 1030 968 possenti

105 981 229 1040 honores
242 980 397 1039 ordinatim
410 979 532 1058 petituri
547 979 669 1039 essenti
688 979 721 1037 in
738 999 771 1039 re
791 980 918 1057 publica,
931 980 962 1040 in
972 979 1031 1040 ami·

105 1092 205 1132 corum
219 1071 344 1150 negotiis
357 1071 493 1131 libertate
506 1091 558 1130 sua
571 1070 748 1130 uterentur?
777 1071 858 1145 Quid
871 1072 973 1132 horum
983 1070 1032 1131 fuit
1078 1052 1080 1071 ⁵

106 1164 184 1243 quod
205 1184 266 1223 non
288 1163 370 1242 prius
393 1183 479 1242 quam
503 1162 604 1221 datum
629 1167 675 1222 est
700 1162 872 1241 ademptum
897 1164 961 1226 sit?
996 1163 1031 1223 n

106 1276 174 1316 vero
186 1256 295 1315 malum
311 1261 357 1314 est
375 1254 480 1314 liberos
500 1254 643 1314 amittere.
682 1254 806 1329 Malum,
821 1255 881 1316 nisi
894 1257 949 1317 hoc
959 1254 1032 1336 pejus

107 1349 147 1409 sit
160 1349 232 1408 haec
246 1349 366 1407 sufferre
380 1352 410 1406 et
423 1345 545 1427 perpeti.

148 1441 231 1516 Quae
253 1460 300 1499 res
320 1439 392 1498 mihi
409 1459 470 1498 non
491 1437 664 1497 mediocrem
685 1437 914 1499 consolationem
934 1437 1032 1510 attrdit,

106 1533 172 1592 tolo
192 1531 248 1591 tibi
268 1550 498 1603 commemorare,
513 1530 538 1589 si
557 1530 632 1589 forte
654 1530 752 1589 eadem
772 1551 820 1591 res
840 1531 898 1591 tibi
918 1532 1034 1593 dolorem

107 1623 237 1683 minuere
258 1624 359 1703 possit.
399 1624 445 1682 Ex
457 1621 529 1682 Asia
549 1621 663 1681 rediens
681 1641 770 1700 quum
791 1622 828 1682 ab
847 1623 962 1702 Aegina
978 1624 1034 1683 Me·

107 1735 205 1793 garam
218 1734 318 1774 versus
338 1714 509 1792 navigarem,
525 1713 605 1792 coepi
623 1713 755 1791 regiones
777 1713 963 1776 circumcirca
979 1735 1034 1795 pro

108 1807 225 1885 spicere.
280 1806 353 1865 Post
378 1825 425 1863 me
452 1810 514 1864 erat
541 1803 662 1882 Aegina,
690 1811 757 1864 ante
784 1806 916 1883 Megara,
944 1807 1035 1867 dextra

108 1899 252 1969 Piraeeus,
264 1898 381 1956 sinistra
391 1897 559 1969 Corinthus,
571 1917 643 1975 quae
657 1897 762 1976 oppida
776 1899 902 1976 quodam
914 1905 1035 1980 tempore

107 1989 311 2048 florentissima
323 1989 451 2060 fuerimt,
460 2008 540 2047 nunc
553 1993 699 2067 prostrata
711 1994 741 2047 et
752 1989 850 2048 diruta
863 1997 933 2051 ante
947 1992 1036 2051 oculos

104 2081 211 2160 jacent.
255 2080 344 2158 Coepi
365 2085 479 2157 egomet
500 2101 613 2138 mecum
634 2080 674 2139 sio
696 2080 840 2158 cogitare:
872 2083 970 2142 Hem!
989 2103 1036 2142 nos

108 2172 274 2230 homunculi
286 2172 470 2249 indignamur
480 2171 504 2230 si
516 2171 579 2250 quis
592 2178 726 2231 nostrum
739 2172 852 2232 interiit
866 2180 919 2233 aut
933 2175 1036 2235 occisus

140 2368 239 2414 Liberos
258 2367 322 2428 taos]
363 2368 429 2416 Used
446 2368 501 2414 here
522 2367 559 2413 for
589 2367 688 2428 proceed
706 2367 765 2413 lrom
783 2367 825 2414 the
841 2369 930 2424 lowest,
946 2385 962 2417 a
973 2384 1037 2432 quao-

109 2445 153 2478 one
164 2431 233 2487 child,
249 2431 286 2477 his
302 2431 423 2491 daughter.
458 2433 505 2478 But
518 2431 559 2477 the
591 2431 699 2492 storship,
716 2437 741 2477 to
760 2431 800 2477 the
816 2432 918 2493 highest,
934 2435 975 2481 tha
989 2447 1038 2482 oen·

108 2495 172 2542 word
194 2495 280 2540 ‘liberi'
303 2495 323 2541 is
348 2501 391 2541 not
417 2496 507 2542 limited
533 2501 558 2541 to
591 2496 689 2555 sorship.

109 2559 227 2606 children:
255 2559 274 2603 it
301 2559 469 2619 comprehends
492 2559 524 2605 all
545 2574 560 2605 a
626 2558 787 2619 Uterealurf]
816 2559 875 2607 ‘Uti
885 2560 900 2607 ε’
913 2561 993 2609 Orelli.
1019 2559 1041 2607 If

109 2623 185 2670 man's
196 2623 268 2668 direct
278 2622 437 2669 descendants.
592 2622 650 2668 ‘uti’
663 2624 682 2669 is
693 2623 733 2668 the
746 2627 798 2669 true
813 2624 919 2686 reading,
931 2640 966 2673 we
981 2629 1039 2672 must

140 2689 200 2734 Rem
216 2702 231 2733 a
245 2687 359 2746 parente]
392 2687 469 2732 There
481 2687 501 2732 is
516 2701 559 2732 no·
591 2685 814 2747 supply‘possent.’

108 2751 176 2812 thing
198 2766 223 2798 so
244 2749 341 2796 difficult
362 2755 387 2796 to
405 2751 516 2796 translate
534 2765 559 2796 as
627 2751 949 2816 Volotiticommemorare,]
967 2752 1040 2801 ‘lell

109 2816 166 2862 such
188 2830 218 2861 an
240 2814 374 2875 expression
398 2828 423 2860 as
445 2815 499 2867 this,
528 2827 559 2859 on
590 2814 633 2860 tell
653 2812 716 2874 you‚'
737 2814 812 2860 where
833 2815 902 2862 ‘will'
925 2831 1040 2879 expresses

108 2884 208 2926 account
226 2879 253 2925 of
268 2879 299 2925 its
317 2877 451 2938 generality.
484 2878 560 2923 There
591 2878 632 2924 the
648 2879 731 2924 notion
749 2877 776 2924 of
790 2879 868 2925 ‘volo'
889 2895 972 2929 naarai·
987 2882 1042 2930 than

109 2939 559 3053 {zltttltttblffltt‘ttt
591 2942 715 3064 {lilii
728 2941 1040 3057 lidalh‘tiilddllli

109 3085 178 3115 mean
196 3075 244 3116 “to
259 3071 371 3117 maintsin
387 3069 418 3129 by
431 3068 492 3115 their
508 3083 559 3115 own
592 3070 637 3115 lost
658 3039 728 3116 much
751 3069 777 3116 of
796 3070 826 3116 its
847 3072 952 3135 primary
969 3087 1040 3125 sense,

109 3134 190 3179 efforts
206 3135 237 3180 all
254 3136 306 3182 that
321 3134 381 3181 their
397 3133 473 3179 father
483 3139 558 3178 trans-
590 3134 636 3180 and
647 3133 667 3180 is
677 3148 729 3179 now
738 3133 795 3180 used
803 3148 829 3181 ss
837 3149 883 3182 one
895 3139 922 3184 ol
931 3138 972 3185 the
983 3139 1040 3198 signs

110 3197 192 3243 mitted
209 3203 234 3244 to
252 3198 342 3253 them,'’
355 3198 413 3245 both
430 3201 481 3243 ‘res
498 3196 559 3256 pub·
592 3196 618 3243 of
626 3197 732 3258 futurity.

109 3259 161 3305 lica'
174 3260 398 3322 and‘resprivata.’
624 3260 761 3322 Megaram]
796 3260 855 3307 This
876 3262 896 3310 is
918 3279 933 3311 a
953 3266 1040 3312 Rerum

137 3324 252 3372 Honores
268 3327 407 3382 ordinatim,
426 3323 483 3384 aea
516 3322 561 3369 Be·
593 3323 661 3371 form.
694 3325 745 3370 The
754 3324 831 3371 Greek
840 3325 1039 3392 formisMegara

95 3401 166 3435 come
178 3391 320 3440 candidates
334 3393 372 3440 for
389 3392 431 3438 tha
442 3384 566 3435 ‘honores‘
598 3387 680 3434 'anthe
688 3387 882 3447 plurdnumhex.

85 3451 116 3500 in
130 3454 173 3502 the
186 3456 261 3504 order
276 3458 306 3505 in
317 3458 402 3507 which
417 3469 504 3504 aman
512 3454 582 3500 must
