2174 3764
273 189 333 249 sn
356 187 555 264 amaron
574 184 781 246 naaman.
932 189 990 246 169

64 347 195 409 iaciendis
208 367 275 408 non
293 347 385 424 legem
404 351 532 425 spectare
552 343 709 405 censoriam
730 343 781 404 sed
798 343 896 423 potius
916 363 991 404 oom-

65 441 230 500 moditatem
251 438 422 498 conficiendi
440 437 550 516 negotii
569 442 600 496 et
619 437 817 496 liberationem
834 436 990 496 molestiae.

66 532 147 593 Potes
160 532 254 592 etiam
274 535 311 590 tn
329 529 360 588 id
377 529 470 589 facere
483 529 560 608 quod
577 534 608 588 et
625 528 720 588 fecisti
737 528 851 606 egregie
867 533 897 588 et
912 528 991 602 facis,

66 627 95 684 ut
106 641 317 685 commemores
327 625 434 698 quanta
447 620 485 679 sit
494 619 526 679 in
536 619 696 699 publicanis
707 619 840 697 dignitas,
851 624 992 697 quantum

66 733 112 774 nos
120 714 165 774 illi
175 711 275 774 ordini
285 711 446 784 debeamus,
454 715 489 770 ut
499 715 609 771 remoto
619 710 739 789 imperio
752 731 785 770 ao
797 711 826 771 vi
839 711 992 790 potestatis

66 811 92 865 et
108 805 233 866 fascium
254 802 423 883 publicanos
450 823 515 862 cum
537 801 655 862 Graecis
677 802 771 879 gratia
789 807 875 881 atque
895 810 992 864 aucto·
1074 826 1077 838 ·

66 897 147 958 ritate
165 896 336 976 conjungas.
377 894 476 954 Sedet
494 894 578 954 abiis
593 893 746 972 dequibus
764 895 871 973 optime
886 900 922 954 tu
934 916 992 955 me-

65 988 135 1048 ritus
153 1008 186 1048 es
204 986 302 1064 etqui
318 986 373 1045 tibi
390 986 486 1045 omnia
503 986 610 1045 debent
629 985 684 1044 hoc
703 988 793 1064 petas,
807 991 842 1044 ut
854 986 992 1048 facilitate

66 1099 114 1140 saa
124 1099 180 1140 nos
193 1099 258 1138 eam
272 1077 513 1137 necessitudinem
523 1097 596 1156 quae
609 1076 746 1136 estnobis
758 1096 823 1135 cum
831 1077 992 1156 publicanis

66 1171 193 1231 obtinere
215 1175 247 1230 et
268 1188 436 1228 conservare
455 1168 613 1247 patiantur.
654 1172 701 1228 36.
723 1167 779 1227 Sed
798 1167 868 1246 quid
887 1189 940 1246 ego
960 1175 992 1229 te

64 1262 131 1324 baec
149 1263 261 1333 hortor,
275 1280 348 1338 quae
367 1265 402 1332 tu
421 1280 481 1318 non
499 1260 584 1320 modo
603 1259 697 1318 facere
716 1264 800 1338 potes
818 1264 871 1318 tua
888 1267 992 1338 sponte

66 1354 125 1414 sine
137 1354 310 1433 cujusquam
322 1351 491 1431 praeceptis,
505 1351 556 1411 sed
575 1350 661 1410 etiam
674 1370 778 1428 magna
786 1350 848 1430 jam
861 1371 896 1410 ex
908 1358 992 1431 parte

65 1443 235 1522 perfecisti?
275 1442 347 1500 Non
373 1442 450 1502 enim
476 1441 622 1501 desistunt
647 1441 731 1501 nobis
756 1461 841 1518 agere
863 1442 991 1519 quotidie

65 1536 169 1614 gratias
182 1533 403 1594 honestissimae
417 1538 447 1592 et
460 1533 598 1592 maximae
614 1533 773 1605 societates,
787 1532 991 1611 quodquidam

65 1628 132 1687 mihi
154 1626 264 1687 idcireo
283 1625 443 1705 jucundius
466 1630 519 1698 est,
542 1625 618 1703 quod
641 1625 717 1684 idem
742 1625 854 1683 faciunt
878 1625 990 1686 Graeci.

65 1718 187 1778 Difficile
207 1723 254 1778 est
273 1721 370 1776 autem
392 1737 425 1776 ea
439 1736 511 1794 quae
526 1716 690 1788 commodis,
703 1716 831 1776 utilitate
852 1722 882 1776 et
901 1738 991 1798 prope

65 1816 168 1871 natura
180 1810 295 1870 diversa
308 1813 385 1881 sunt,
395 1809 544 1868 voluntate
557 1809 738 1887 conjungere.
765 1809 809 1868 At
822 1829 856 1868 ea
868 1809 990 1887 quidem,

66 1923 134 1981 quae
153 1921 243 1981 snpra
266 1899 373 1978 scripta
392 1906 469 1972 sunt,
491 1919 551 1958 non
569 1905 604 1959 ut
626 1905 658 1959 te
677 1900 860 1959 instituerem
881 1901 990 1981 scripsi,

65 2013 155 2072 neque
168 1992 248 2053 enim
260 1990 415 2070 prudentia
427 1996 479 2049 tua
494 1991 661 2070 cujusquam
674 1997 826 2069 praecepta
839 1992 990 2067 desiderat,

66 2085 114 2144 aad
124 2105 172 2144 me
185 2083 219 2143 in
234 2082 385 2142 scribendo
406 2083 635 2141 commemoratio
653 2087 722 2142 tuae
735 2081 851 2142 virtutis
869 2083 991 2145 delecta

66 2175 120 2236 vit:
140 2193 315 2255 quamquam
328 2172 360 2232 in
372 2173 417 2232 his
429 2173 535 2234 litteris
548 2173 660 2251 longior
672 2174 716 2234 fui
728 2194 814 2252 quam
826 2180 877 2234 aut
889 2176 991 2235 vellem

66 2273 114 2327 aut
126 2287 214 2345 quam
227 2285 274 2324 me
286 2265 387 2343 putavi
400 2264 470 2324 fore.

101 2359 196 2418 XIII.
217 2355 266 2417 37.
287 2356 390 2416 Unum
416 2355 561 2434 estquod
586 2354 642 2415 tibi
667 2376 721 2434 ego
743 2356 905 2437 praecipere
931 2378 991 2418 non

65 2499 133 2547 mach
142 2495 317 2546 troublaabout
326 2495 368 2544 the
377 2499 455 2544 taxes:
471 2496 513 2544 the
543 2496 591 2557 ing.
634 2496 659 2544 It
679 2511 753 2544 seems
772 2497 824 2545 that
845 2497 925 2546 Cicero
944 2497 991 2545 bad

66 2562 188 2624 publicani,
204 2575 253 2622 you
268 2565 331 2607 must
347 2560 388 2606 tell
403 2561 444 2607 the
457 2575 512 2621 peo-
544 2560 622 2608 selred
646 2561 687 2607 tbe
712 2561 808 2608 difficult
835 2562 940 2623 problem
966 2561 994 2608 ol

66 2626 230 2687 plausyour
239 2623 512 2685 andmygoodsriends3
543 2624 647 2686 pleasing
671 2624 730 2672 both
755 2625 797 2672 the
819 2626 991 2672 tax-collectore

66 2704 99 2737 rra
117 2689 176 2740 wish
197 2694 223 2735 to
246 2687 323 2748 obliga
348 2687 427 2734 rbem:
454 2687 514 2748 good
544 2687 943 2749 andthetax-payers,tbeGraeoi.
960 2689 991 2735 In

66 2753 146 2815 paople
167 2751 195 2799 of
212 2751 276 2805 Asia.
297 2765 333 2797 we
352 2755 442 2798 enuaat
458 2765 513 2812 you,
543 2751 585 2798 the
600 2756 657 2798 next
671 2756 779 2799 sentence
789 2751 820 2799 he
831 2767 891 2813 says,
903 2755 918 2779 “
927 2753 990 2798 how·

66 2831 120 2929 aa
132 2813 514 2939 &inglutierit
544 2829 605 2939 {lu
620 2815 675 2926 bl
690 2815 991 2940 t‘luttffitlbltl

67 2942 80 2991 1
94 2943 141 2991 and
159 2958 200 3004 my
216 2941 313 2989 brother
329 2956 368 2988 are
385 2941 456 2988 much
471 2941 512 2989 ba·
543 2942 659 3000 interests,
678 2943 824 3002 maantages,
844 2941 891 2988 aad
906 2941 992 2988 almost

67 3005 151 3055 boldan
171 3012 197 3054 to
217 3005 284 3052 these
304 3005 435 3065 gantlemen
461 3009 512 3051 tax-
544 3005 569 3052 in
584 3005 645 3052 their
655 3021 710 3067 very
720 3015 810 3061 nature,
825 3019 864 3051 are
877 3003 990 3052 diverse.'’

66 3071 194 3125 collectore,
215 3069 262 3116 and
282 3083 317 3115 we
332 3068 416 3125 would,
437 3068 459 3114 if
480 3083 516 3115 we
546 3069 607 3116 Aa“
616 3069 728 3126 diverse,”
738 3083 789 3130 says
800 3068 929 3123 Manutius,
940 3073 991 3119 “as

67 3134 142 3190 could,
153 3134 213 3195 keep
223 3147 255 3180 on
265 3132 306 3179 the
316 3131 368 3178 best
378 3136 450 3178 terms
459 3132 515 3178 with
546 3133 588 3179 fire
603 3133 650 3179 and
668 3137 745 3188 water,
764 3146 803 3180 ara
816 3132 858 3178 tbe
875 3131 992 3192 publicani

67 3196 205 3250 ibam-Aa
225 3201 251 3244 to
278 3195 344 3242 these
366 3195 514 3256 ‘pactionesf
545 3196 591 3246 and
602 3196 644 3244 the
654 3195 734 3243 socii.”
767 3195 820 3242 One
835 3195 992 3243 setisallfor

68 3261 181 3311 aavffl.
192 3260 216 3307 i'a
227 3262 251 3316 3,
263 3274 283 3306 o.
297 3259 334 3314 14,
346 3260 384 3312 57.
544 3260 673 3321 receiving;
696 3261 738 3306 the
759 3259 826 3306 otbcr
847 3259 879 3306 all
896 3259 932 3310 for
949 3264 992 3307 not

100 3323 249 3384 Mateta]
283 3322 359 3370 These
374 3336 413 3369 are
426 3321 514 3369 theas-
545 3323 637 3387 psying.

69 3387 188 3436 mationa
198 3387 226 3434 ol
230 3385 356 3447 publicani,
372 3401 428 3434 men
438 3385 465 3434 of
473 3387 515 3440 the
579 3386 749 3450 restituamur
762 3385 1010 3436 rammam„

63 3449 118 3497 dau
126 3449 157 3496 o!
166 3450 242 3496 arbom
256 3449 287 3495 be
298 3449 343 3499 bas
354 3450 416 3501 been
427 3453 516 3516 speak-
586 3453 700 3520 Vellera]
730 3450 904 3504 demebas.
912 3450 992 3495 aab.
