2174 3764
688 44 794 109 ,θ’

380 189 467 252 GAP.
488 186 564 247 XII.
584 185 678 245 XIII.
955 189 993 245 99

79 347 198 422 sitlabes,
212 347 309 428 primo
324 347 448 408 Gabinia
466 347 537 424 lege,
550 342 667 404 biennio
686 346 783 402 autem
803 348 870 421 post
886 343 993 403 Cassia.

78 437 167 501 Videre
181 442 246 522 jam
264 440 364 500 videor
382 439 521 520 populum
539 458 556 496 a
575 441 679 495 senatu
699 435 883 514 disjunctum,
896 434 993 493 multi-

77 531 169 592 tudinis
193 531 315 592 arbitrio
335 552 384 592 res
400 532 537 591 maximas
565 527 621 606 agi.
662 527 764 586 Plures
784 526 861 597 enim
882 526 994 585 discent

76 624 302 702 quemadmodum
314 623 384 683 haec
401 624 474 682 finnt
492 641 578 700 quam
595 618 833 698 quemadmodum
846 618 891 677 his
909 618 994 677 resis-

75 718 148 775 tatur.
188 719 238 774 42.
261 715 407 790 Quorsum
420 713 513 774 haee?
551 711 628 787 Quia
642 710 704 769 sine
718 709 801 769 sociis
814 719 899 768 ne'mo
913 709 993 788 quid-

74 823 145 882 quam
157 807 217 865 tale
231 811 363 866 conatur.
401 803 640 883 Praecipiendum
653 807 698 860 est
710 792 897 878 &turbonis
912 807 954 873 ut,
969 801 995 860 si

73 895 244 977 inejusmodi
254 897 394 956 amicitias
407 896 500 975 ignari
509 916 579 955 casu
591 893 686 972 aliquo
699 892 862 965 inciderint,
873 913 911 952 ne
921 893 993 952 exis·

72 987 166 1049 amone
173 990 217 1048 ita
227 1009 259 1048 se
267 989 398 1065 alligatos
407 995 442 1048 ut
451 989 487 1048 ab
497 986 676 1047 amicisinre
684 985 798 1064 publica
808 985 994 1064 peccantibus

73 1098 124 1139 uon
135 1081 302 1140 discedant:
322 1079 460 1159 improbis
474 1085 572 1139 autem
584 1097 678 1156 poena
691 1077 845 1135 statuenda
858 1083 920 1147 est;
939 1097 994 1136 nee

72 1188 130 1230 vero
144 1172 240 1230 minor
251 1171 289 1230 iis
303 1171 353 1249 qui
365 1171 459 1230 secuti
477 1176 564 1230 erunt
581 1169 712 1241 alterum,
726 1188 812 1246 qnam
825 1168 861 1227 iis
875 1169 925 1246 qui
937 1169 994 1246 ipsi

72 1258 170 1320 fuerint
181 1262 341 1340 impietatis
355 1262 452 1321 duces.
487 1261 560 1337 Quis
574 1260 676 1319 clarior
688 1259 720 1319 in
735 1259 857 1318 Graecia
866 1261 993 1318 Themis·

73 1352 161 1413 bole?
179 1354 246 1432 quis
258 1353 432 1432 potentior?
452 1353 501 1431 qui
514 1373 603 1432 quum
620 1352 776 1430 imperator
789 1351 864 1410 bello
878 1352 993 1411 Persico

74 1444 199 1504 servitute
216 1444 368 1505 Graeciam
385 1445 543 1521 liberasset,
558 1451 732 1524 propterque
751 1443 886 1503 invidiam
902 1443 934 1501 in
947 1464 993 1502 ex·

75 1533 157 1595 silium
170 1537 309 1616 expulsus
329 1541 414 1609 esset,
428 1536 559 1614 ingratae
578 1536 688 1615 patriae
703 1535 837 1614 injuriam
850 1555 911 1594 non
924 1535 1006 1596 tulit¹

74 1644 146 1702 quam
158 1627 234 1688 ferre
249 1627 358 1687 debuit.
399 1628 482 1688 Fecit
495 1627 571 1687 idem
584 1628 661 1705 quod
674 1645 716 1686 xx
730 1627 813 1686 annis
833 1633 901 1686 ante
917 1627 994 1706 apud

72 1735 118 1778 nos
130 1719 239 1781 lecerat
254 1719 434 1780 Coriolanus.
475 1720 534 1778 His
553 1719 669 1798 adjutor
688 1725 790 1781 contra
808 1719 931 1797 patriam
950 1720 994 1777 in-

73 1816 164 1870 ventus
184 1817 232 1870 est
251 1830 354 1870 nemo:
374 1811 471 1890 itaque
493 1815 616 1869 mortem
636 1810 691 1869 sibi
704 1816 825 1889 uterquc
846 1811 992 1870 conscivit.

70 1903 110 1960 43.
130 1903 228 1978 Quare
251 1902 320 1961 talis
340 1902 535 1981 improborum
555 1901 706 1962 consensio
725 1921 786 1960 non
805 1902 890 1961 modo
910 1923 993 1962 excu-

70 1994 171 2054 satione
192 1993 337 2059 amicitiae
358 1995 483 2072 tegenda
504 2015 566 2053 non
589 1999 642 2066 est,
663 1993 714 2052 sed
733 1993 831 2072 potius
853 1994 993 2073 supplicio

69 2087 138 2146 omni
148 2085 331 2158 vindicanda,
344 2091 379 2145 ut
399 2106 438 2146 ne
458 2086 522 2164 quis
539 2085 621 2165 [sibi]
636 2106 803 2145 conoessum
822 2092 908 2164 putet
926 2086 994 2144 ami·

66 2196 124 2237 cum
136 2179 184 2238 vel
195 2177 306 2237 bellum
319 2177 430 2254 patriae
445 2177 619 2236 inferentem
639 2177 728 2255 sequi.
771 2177 857 2252 Quod
869 2177 993 2255 quidem,

65 2277 163 2332 utres
185 2271 230 2330 ire
253 2269 357 2349 coepit,
377 2270 454 2330 haud
475 2270 534 2329 scio
556 2290 594 2329 an
615 2270 766 2348 aliquando
789 2270 922 2329 futurum
946 2271 993 2330 sit.

63 2362 250 2422 linientem
263 2381 325 2421 non
344 2362 449 2422 minori
468 2382 552 2421 curae
574 2367 619 2421 est
632 2362 723 2440 qualis
740 2381 787 2420 res
801 2362 915 2441 publica
927 2370 994 2441 post

60 2461 182 2514 mortem
195 2473 290 2513 meam
303 2452 404 2512 flatura
417 2453 455 2512 sit
469 2474 554 2532 quam
568 2453 658 2533 qualis
671 2453 755 2512 hodie
770 2453 816 2513 sit.
1022 2462 1026 2472 ’

96 2546 192 2606 ΧΙΠ.
213 2549 263 2604 44.
284 2545 368 2606 Haec
380 2545 471 2624 igitur
483 2545 575 2625 prima
587 2546 633 2604 lex
647 2545 787 2606 amicitiae
801 2545 946 2606 sanciatur
959 2552 993 2604 ut

57 2755 203 2818 peocptibly
218 2755 316 2815 making
326 2756 356 2802 its
366 2754 442 2816 way,”
455 2760 511 2813 &o.;
575 2757 738 2818 Iarrailium]
761 2757 806 2804 His
817 2763 888 2818 story,
900 2757 945 2803 and
957 2757 993 2803 his

56 2821 103 2868 and
114 2821 147 2867 lae
164 2820 270 2881 explains
287 2819 384 2866 himself
396 2819 427 2880 by
441 2820 511 2866 refer·
543 2821 670 2882 inglorious
681 2822 733 2878 end,
743 2823 839 2869 aretold
846 2822 877 2882 by
884 2821 993 2868 Plutarch

56 2885 110 2945 ring
131 2889 158 2930 tc
178 2885 221 2931 the
242 2884 333 2944 ‘Leges
352 2883 511 2930 Tabellariae!
544 2883 607 2948 (Life
626 2886 653 2933 of
666 2885 843 2948 Themistocles)
862 2885 909 2930 and
928 2885 993 2931 Thu-

56 2948 110 2995 'l'be
131 2947 244 3008 expected
265 2947 411 3008 tribuneship
433 2948 460 2994 of
483 2947 509 2995 C.
543 2950 642 3010 oydides‚
664 2950 680 2996 i.
706 2952 759 3004 136,
782 2948 931 2996 &c.-—Orelli
951 2949 993 2996 has

58 3012 179 3060 Gracchus
189 3011 373 3072 wasadanger3
388 3011 435 3058 and
446 3011 512 3059 there
544 3014 582 3060 in
594 3015 699 3060 exsilium
710 3012 781 3060 isset

57 3091 104 3125 was
121 3076 221 3124 another
243 3076 336 3137 equally
357 3076 510 3136 threatening,
577 3078 734 3138 Corioloaua]
762 3076 788 3123 Il
795 3074 992 3138 C1oerostwenty

57 3141 100 3189 the
114 3155 275 3227 consequence
294 3139 321 3186 of
334 3140 395 3186 the
403 3140 511 3188 Tabella·
542 3140 872 3202 yearsrefertotheexileof
885 3140 992 3187 Themis·

56 3206 110 3253 riso
117 3203 209 3266 leges!
542 3206 614 3252 tocles
625 3205 671 3251 and
682 3204 818 3252 Coriolanus
833 3205 991 3276 respectively.

88 3270 159 3317 Iure
165 3268 276 3331 publica]
313 3266 493 3328 Seyfferthas‘·
486 3283 512 3315 ιιι
543 3284 577 3316 we
588 3284 626 3315 see
637 3269 699 3314 what
710 3268 762 3314 date
774 3267 804 3313 he
814 3281 902 3327 assigna
915 3269 992 3315 tothe

57 3347 168 3395 magnam
186 3334 289 3395 aliquam
308 3347 357 3378 rem
376 3331 510 3393 publicam!
543 3331 885 3387 bauisbmentoiCoriolanns
886 3331 925 3377 ion
931 3332 996 3377 &rna

57 3397 206 3445 'l'betextr's
223 3398 279 3459 very
292 3397 419 3457 uncertain,
432 3398 513 3448 aethe
545 3399 670 3450 mistocles
689 3413 741 3447 was
757 3394 904 3445 bammed'
901 3410 934 3440 ux
957 3407 1019 3438 ac

53 3459 238 3518 mamam
548 3469 610 3595 {71

503 3553 530 3594 H
