2174 3764
247 134 545 238 urreronsnnu
564 176 682 241 susm
702 175 801 241 nne.
930 185 988 243 201

307 378 354 434 35.
376 372 529 434 CICERO
552 375 693 436 CASSIO
715 376 743 436 S.

340 491 412 568 (m.
428 493 456 550 9.
496 509 525 550 A.
541 509 571 551 u.
587 509 614 551 o.
630 489 712 581 711.)

56 590 190 654 Brevitas
203 598 320 654 tuarum
335 595 486 655 literarum
503 615 550 654 me
563 615 676 674 quoque
694 595 853 656 breviorem
870 594 903 655 in
921 593 989 656 scri-

55 683 152 745 bendo
175 684 263 759 faeit3
286 697 317 746 et
336 706 403 747 rere
426 692 462 746 ut
482 687 582 760 dicam,
602 707 663 746 non
683 688 754 748 setis
776 689 901 748 occrurit
920 689 990 768 quid

56 775 189 836 scribam.
229 778 354 837 Nostres
373 779 450 837 enim
468 799 515 838 res
535 779 567 837 in
588 779 660 838 sotis
674 779 795 858 perferri
814 781 851 840 sd
866 786 898 840 te
911 788 990 841 certo

57 869 132 942 scio;
153 874 221 928 tues
241 876 339 930 eutem
356 870 531 948 ignoramus.
571 871 728 950 Tamquam
747 872 825 931 enim
843 873 938 932 clausa
952 873 991 933 sit

56 962 137 1033 Asis,
153 961 195 1021 sie
214 961 287 1020 nihil
304 963 450 1041 perfertur
469 963 506 1021 ad
525 982 579 1022 nos
600 968 716 1042 praeter
734 981 864 1024 rumores
885 966 920 1024 de
941 985 990 1044 op·

56 1073 158 1131 presso
172 1053 331 1126 Dolabella
346 1054 417 1114 satis
430 1054 495 1113 illos
509 1054 625 1133 quidem
642 1060 819 1129 constantes,
833 1056 885 1115 sed
898 1057 991 1117 adhuc

58 1144 121 1204 sine
141 1150 268 1205 auctore.
309 1146 373 1204 Nos
396 1145 560 1205 confectum
581 1145 689 1205 bellum
706 1166 795 1224 quum
813 1153 990 1226 putaremus,

58 1241 181 1315 repente
201 1257 219 1296 a
236 1237 347 1316 Lepido
366 1242 419 1297 tuo
437 1237 470 1296 in
488 1256 629 1297 summam
649 1237 871 1297 sollicitudinem
891 1259 991 1299 sumus

58 1326 186 1388 adducti.
218 1328 323 1406 Itaque
335 1328 391 1388 tibi
399 1328 540 1407 persuade
550 1328 702 1388 maximam
711 1328 755 1388 rei
766 1329 897 1408 publicae
911 1350 991 1408 spem

59 1419 91 1478 in
109 1425 142 1479 te
162 1419 246 1478 etin
264 1419 325 1478 tuis
347 1420 436 1499 copiis
459 1439 531 1480 esse.
571 1420 685 1479 Firmos
709 1421 825 1479 omnino
850 1420 992 1480 exereitus

60 1510 218 1571 hebemus:
240 1510 291 1569 sed
302 1516 401 1570 temen
414 1516 449 1570 ut
462 1510 566 1584 omnia,
580 1517 615 1570 ut
635 1532 727 1590 spero,
740 1531 877 1591 prospere
895 1532 991 1590 proce·

62 1601 141 1675 dant,
155 1601 281 1660 multum
299 1601 423 1662 interest
442 1602 592 1662 tevenire.
632 1602 745 1680 Exigue
766 1602 843 1662 enim
863 1623 929 1682 spes
947 1608 992 1662 est

62 1693 104 1754 rei
115 1693 248 1774 publicae
260 1718 267 1766 ;
286 1714 355 1753 nem
366 1694 475 1753 nullom
487 1714 548 1754 non
560 1694 632 1754 libet
645 1695 757 1754 dicere:
778 1692 829 1753 sed
842 1715 992 1773 quaecum·

64 1807 117 1866 que
130 1792 187 1862 est,
201 1807 235 1847 ea
248 1786 443 1865 despondetur
456 1807 533 1846 anno
546 1787 714 1846 consulatus
727 1786 782 1846 tui.
822 1787 904 1847 Vale.

219 1943 267 2001 36.
290 1940 441 2000 CICERO
462 1939 609 2001 ACILIO
630 1938 797 1999 PROCOS.
819 1940 848 1998 S.

330 2058 415 2136 (xm.
429 2061 477 2117 30.
517 2055 730 2133 umcros.)

64 2174 96 2234 Ιι.
110 2173 243 2235 Manlius
263 2178 310 2233 est
329 2173 416 2233 Sosis.
457 2174 489 2232 Is
508 2172 566 2233 fuit
588 2171 770 2232 Catinensis:
795 2170 846 2231 sed
867 2177 913 2232 est
935 2189 994 2232 una

91 2319 131 2367 35.
146 2315 261 2377 Incolis]
296 2315 449 2370 SeeNo.27.
545 2316 561 2344 ¹⁴
569 2314 685 2361 whatever
698 2313 761 2375 hope
770 2313 837 2362 there
846 2313 875 2370 is,
885 2313 905 2361 it
919 2314 939 2361 is
952 2313 993 2360 be-

95 2385 211 2444 Oppreeso
222 2379 368 2440 Dolabella,]
392 2377 514 2425 Dolabella
544 2378 637 2426 trothed
649 2377 786 2440 (promised)
801 2381 826 2424 to
842 2377 884 2425 the
898 2393 953 2440 year
970 2377 997 2424 ol

10 2496 12 2501 ,
63 2445 249 2507 mepartizan
263 2443 290 2490 ol
305 2442 346 2489 the
361 2443 472 2490 essaesins
489 2442 516 2489 ol
543 2456 603 2505 your
614 2440 772 2503 consulship.”

64 2510 153 2567 Caesa,
165 2508 210 2555 but
224 2506 255 2554 he
265 2521 311 2553 was
324 2506 406 2567 gained
417 2521 472 2554 over
481 2505 514 2566 by
576 2507 614 2553 36.
624 2504 993 2560 AlettertoM’haliusGhbrio,

63 2573 97 2622 ld.
118 2573 246 2628 Antonius,
268 2571 320 2617 who
343 2570 456 2632 procured
477 2570 514 2616 for
543 2569 595 2616 who
621 2584 674 2616 now
699 2569 755 2616 held
780 2569 822 2616 the
845 2569 995 2632 proconsular

62 2637 109 2686 him
135 2637 178 2685 the
198 2635 363 2696 govemorship
386 2633 414 2681 oi
439 2633 512 2696 Syris,
543 2634 610 2680 office
630 2633 655 2679 in
677 2632 755 2694 Sicily,
774 2633 843 2680 while
860 2633 951 2689 Caesar,
968 2637 994 2679 to

62 2701 136 2750 which
157 2700 252 2749 Cassius
272 2699 321 2746 also
342 2697 447 2745 claimed.
476 2697 512 2745 ln
543 2698 621 2744 whose
636 2701 705 2759 party
715 2697 746 2744 he
761 2697 939 2757 belonged,wss
952 2710 994 2742 en·

62 2779 110 2816 rac.
131 2767 172 2822 4³,
198 2763 292 2811 Cassius
312 2763 370 2809 took
390 2761 512 2817 Laodices,
543 2761 808 2823 gagedintheAlricsn
817 2776 872 2808 war.

61 2831 137 2878 where
145 2827 268 2876 Dolabella
277 2841 332 2883 was,
340 2826 400 2883 who,
410 2831 436 2873 to
445 2826 513 2872 avoid
574 2827 605 2873 L.
617 2826 726 2872 Manlius
736 2829 770 2872 est
787 2824 872 2885 Sorte]
895 2821 994 2870 “There

61 2893 141 2954 laling
154 2893 206 2940 into
222 2891 264 2938 the
279 2890 353 2937 hsnds
369 2890 396 2936 of
410 2889 511 2944 Cassius,
542 2887 563 2936 is
585 2903 630 2935 one
649 2889 678 2935 L.
696 2888 800 2936 Manlius
822 2885 911 2934 Sosis.”
943 2886 994 2934 The

61 2954 432 3006 ordoeedasoldiertokillhim.
543 2954 595 3000 first
612 2957 659 3000 two
676 2967 757 2999 names
773 2966 813 2998 are
829 2951 937 3007 Romam
953 2949 995 2998 the

90 3019 249 3083 Lepidotuo]
284 3017 320 3065 M.
337 3018 450 3065 Aemilius
466 3017 512 3063 Le-
543 3017 741 3064 thirdisSicilisn
752 3030 779 3062 or
789 3015 874 3062 Greek.
906 3013 994 3061 Thisis

61 3086 129 3148 pldns
147 3083 248 3132 married
262 3082 338 3129 shall
352 3082 420 3129 sister
435 3081 462 3127 of
475 3080 511 3127 M.
543 3095 558 3128 a
578 3095 685 3128 common
705 3079 780 3126 form:
806 3082 821 3106 “
829 3078 856 3126 C.
879 3078 995 3139 Sulpicius

61 3149 145 3201 lunius
165 3148 263 3202 Brutus,
279 3146 320 3193 the
336 3145 450 3193 favourite
466 3145 514 3192 end
545 3141 739 3206 Olympnsfuit''
752 3140 862 3206 (Verrii.
874 3145 894 3198 l,
906 3157 926 3189 c.
938 3140 995 3204 48);

61 3213 101 3262 the
116 3212 219 3262 semein
237 3210 265 3258 of
280 3209 308 3257 C.
325 3209 403 3257 Julius
420 3209 512 3256 Caesar.
545 3213 560 3236 ‘⁴
568 3209 612 3257 Cn.
625 3207 749 3270 Pompeius
764 3210 800 3253 est
816 3205 906 3254 Philo”
924 3205 958 3267 (ii.
969 3209 993 3262 4,

61 3276 154 3326 &seins
173 3276 224 3324 also
240 3274 339 3321 married
354 3273 514 3321 shallsister
544 3273 627 3334 en).

61 3340 230 3392 musenius
242 3338 338 3386 Brutus.
579 3335 710 3384 Catinensis
718 3334 741 3396 :1
774 3332 814 3380 He
834 3347 881 3380 was
901 3347 961 3381 enee
980 3347 999 3378 a

91 3404 273 3467 Despoudeturj
304 3400 403 3450 swerd
419 3400 515 3466 applied
546 3401 634 3450 citizen
649 3399 674 3447 ol
690 3398 782 3447 Catina
790 3393 1018 3459 &andhulid-

57 3467 226 3527 tobeuothing
239 3479 360 3515 swoman
376 3474 402 3516 to
416 3483 516 3518 aman:
550 3467 617 3534 oilr,
631 3466 682 3516 hut
696 3464 760 3514 aher
775 3450 1041 3524 thaureiwlw
