2174 3764
117 176 173 234 152
483 170 685 233 emenone

114 332 153 390 sit
166 322 329 410 provinciae
347 328 497 409 cognitum
514 328 570 390 tibi
582 328 713 391 omnium
727 327 833 409 quibus
852 329 964 410 praesis
978 331 1050 393 salu·

113 429 182 498 tem,
200 424 313 497 liberos,
331 422 445 497 hmam,
464 422 597 482 fortunas
619 442 684 483 esse
705 421 875 483 carissimas.
917 424 1051 504 Denique

113 516 183 575 haec
196 515 293 594 opinio
307 514 354 588 sit,
367 534 428 574 non
440 515 526 575 modo
539 514 576 574 iis
589 514 639 595 qui
652 513 760 592 aliquid
772 513 939 594 acceperint
952 516 1005 576 sed
1016 516 1050 576 iis

112 607 200 668 ctiam
213 607 264 687 qui
277 605 411 666 dederint
423 611 455 666 te
467 606 625 681 inimicum,
640 605 665 666 si
677 605 709 666 id
721 606 899 684 cognoveris,
909 606 1049 669 futurum

112 700 218 779 Neque
236 720 304 759 vero
322 698 473 779 quisquam
491 699 581 774 dabit,
594 719 684 779 quum
703 698 759 759 erit
777 698 834 758 hoc
856 705 1049 779 perspectum,

112 792 185 850 nihil
197 811 250 870 per
263 811 313 851 eos
326 790 377 870 qui
395 791 534 850 simulant
552 811 584 850 se
604 791 682 870 apud
698 795 730 850 te
748 791 876 850 multum
895 812 983 871 posse
1001 795 1051 856 abs

111 889 143 943 te
156 883 248 943 solere
261 882 417 962 impetrari.
459 886 506 942 14.
527 884 593 943 Nec
611 887 711 943 tamen
729 882 801 942 haec
822 883 918 943 oratio
930 903 996 944 mea
1008 887 1050 943 est

112 974 254 1054 ejusmodi
266 980 346 1036 utto
357 975 391 1035 in
404 980 472 1035 tuos
486 980 539 1036 ant
556 975 661 1035 durum
679 994 742 1035 esse
755 974 880 1034 nimium
894 981 948 1035 aut
961 974 1048 1055 smpi-

111 1066 222 1127 ciosum
234 1068 328 1128 velim.
368 1068 447 1128 Nam
469 1068 494 1127 si
514 1068 579 1147 quis
600 1073 645 1128 est
667 1087 774 1140 eorum,
793 1067 845 1147 qui
863 1068 923 1128 tibi
942 1067 1049 1129 biennii

112 1159 207 1239 spatio
220 1180 380 1239 numquam
396 1159 429 1219 in
450 1160 644 1239 suspicionem
658 1159 794 1220 avaritiae
806 1161 931 1234 venerit,
945 1165 982 1220 ut
998 1179 1048 1238 ego

113 1252 249 1313 Caesium
269 1259 300 1313 et
321 1252 515 1331 Chaerippum
535 1258 566 1312 et
586 1252 753 1312 Labeonem
772 1255 804 1313 ct
824 1252 912 1313 audio
933 1253 1048 1334 etquis

112 1345 242 1422 cognovi,
256 1343 397 1418 existimo,
411 1344 484 1403 nihil
505 1344 641 1422 estquod
657 1364 719 1404 non
736 1347 768 1403 et
779 1343 816 1403 iis
836 1349 867 1404 et
886 1344 991 1425 siquis
1005 1348 1048 1405 est

111 1436 186 1496 alius
200 1436 408 1517 ejusdemmodi
420 1441 451 1496 et
465 1435 608 1497 committi
625 1441 656 1496 et
670 1435 748 1496 credi
759 1435 924 1496 rectissime
941 1443 1046 1517 putem.

111 1529 170 1588 Sed
183 1529 208 1588 si
221 1529 286 1607 quis
304 1533 349 1588 est
369 1528 472 1607 inquo
482 1527 543 1608 jam
561 1528 723 1603 offenderis,
739 1527 774 1587 de
787 1549 845 1606 quo
864 1529 975 1608 aliquid
988 1549 1046 1590 sen-

111 1620 192 1693 seris,
206 1620 274 1680 huic
292 1620 366 1678 nihil
385 1619 548 1695 credideris,
562 1620 672 1680 nullam
692 1624 807 1700 partem
828 1621 1047 1683 existimationis

113 1717 182 1771 tuae
196 1711 380 1771 commiseris.

149 1803 188 1863 V.
210 1807 257 1863 15.
276 1804 315 1862 In
327 1801 473 1882 provincia
486 1823 554 1864 vero
568 1800 639 1883 ipsa,
654 1803 779 1884 siquem
792 1824 823 1864 es
836 1809 942 1866 nactus
955 1802 1046 1885 quiin

111 1899 192 1953 tuam
204 1893 429 1953 familiaritatem
446 1896 565 1974 penitus
578 1896 703 1971 mtrarit,
718 1895 768 1976 qui
777 1895 861 1956 nobis
875 1903 945 1958 ante
958 1897 1044 1958 fuerit

111 1986 237 2064 ignotus,
259 1984 327 2044 huic
351 1990 491 2065 quantum
518 1988 693 2048 credendum
720 1988 759 2047 sit
781 1988 865 2062 vide;
893 2010 955 2050 non
977 1989 1045 2070 quin

111 2076 223 2156 possint
236 2076 322 2136 multi
336 2097 400 2136 esse
417 2077 606 2156 provinciales
618 2079 673 2138 viri
691 2079 779 2154 boni3
800 2081 853 2141 sed
865 2081 921 2142 hoc
935 2100 1045 2162 sperare

110 2169 185 2242 licet,
193 2167 323 2248 judicare
333 2168 526 2248 periculosum
538 2176 591 2231 est.
626 2172 733 2232 Multis
744 2172 822 2232 enim
833 2173 1045 2235 simulationum

110 2260 264 2320 involucris
274 2260 386 2338 tegitur
395 2266 425 2321 et
433 2261 593 2340 quasivelis
603 2263 774 2342 quibusdam
784 2265 954 2326 obtenditur
961 2266 1044 2326 unius

110 2353 249 2432 cujusque
268 2358 390 2414 natura:
412 2354 501 2428 frons,
522 2355 606 2430 oculi,
626 2357 725 2416 vultus
744 2377 883 2437 persaepe
902 2357 1045 2418 mentiun-

112 2450 176 2518 tur3
195 2443 287 2505 oratio
300 2465 368 2505 vero
383 2446 556 2526 saepissime.
598 2448 793 2523 Quamobrem
806 2449 856 2528 qui
869 2454 954 2530 potes
965 2468 1044 2530 repe·

143 2624 211 2670 Huic
232 2624 295 2670 nihil
313 2624 470 2687 madidata]
505 2624 563 2672 This
594 2624 651 2672 verb
667 2625 744 2672 which
758 2626 842 2674 should
858 2643 889 2689 go
904 2628 960 2675 with
977 2623 1044 2675 ‘non'

111 2687 172 2734 form
183 2688 210 2734 ol
223 2687 264 2734 the
282 2688 427 2748 subjunctive
444 2691 464 2737 is
478 2705 492 2736 a
506 2689 563 2736 kind
594 2688 666 2750 being
676 2690 790 2748 omitted3
806 2706 832 2739 as
842 2706 878 2739 wa
889 2692 1043 2755 eay‘notbnt

112 2752 139 2798 of
149 2751 272 2798 command
283 2767 310 2799 or
320 2753 392 2799 wish:
415 2757 431 2780 “
439 2753 495 2801 hnic
504 2753 563 2800 nihil
595 2752 661 2800 there
667 2768 721 2813 may
732 2753 778 2812 be‚'
789 2755 866 2803 which
881 2772 961 2803 means
976 2756 1003 2804 ‘I
1013 2755 1042 2801 do

112 2814 262 2872 credideris,'’
271 2819 286 2843 ‘⁶
296 2816 391 2863 lwould
400 2823 442 2864 not
449 2818 508 2864 have
516 2832 563 2877 you
594 2823 638 2864 not
648 2831 689 2878 say
698 2818 751 2865 that
761 2819 827 2866 there
838 2834 876 2866 are
886 2820 946 2868 not’
1083 2830 1085 2835 '

112 2885 138 2926 to
149 2885 211 2927 trust
222 2881 359 2928 suchaone
373 2886 398 2928 at
408 2880 464 2928 all.”
496 2881 564 2928 With
627 2882 802 2945 Proriactales]
832 2879 1039 2946 Hscomprehendt

112 2944 154 2991 the
170 2944 256 2992 second
273 2959 360 3005 person
370 2945 398 2992 of
411 2945 452 2991 the
462 2951 563 3005 present,
595 2945 670 2992 under
688 2945 736 2992 this
754 2951 815 2994 term
834 2947 893 2995 both
908 2944 1038 2995 lanienam

113 3008 132 3054 it
142 3009 161 3055 is
172 3010 218 3055 less
226 3023 343 3068 common,
352 3009 398 3055 and
407 3009 427 3055 is
438 3009 487 3055 said
498 3014 523 3054 to
535 3008 564 3055 be
595 3009 637 3055 the
654 3010 765 3070 province
780 3011 827 3058 and
845 3013 942 3060 nativos.
973 3010 1038 3059 ΨΜ

113 3071 170 3117 used
182 3072 231 3117 ina
245 3087 310 3118 more
327 3073 419 3133 general
437 3086 465 3118 or
482 3071 564 3118 indefi-
595 3072 754 3136 immediately
771 3073 860 3122 follows
878 3076 985 3123 salento
995 3074 1036 3121 la»

113 3135 163 3181 nite
173 3149 236 3194 way3
253 3137 323 3183 “isto
343 3136 405 3183 bono
423 3140 489 3182 utare
508 3135 564 3182 dum
596 3136 655 3183 liuns
662 3137 688 3183 in
695 3137 738 3185 the
744 3140 865 3199 provinca3
877 3134 1037 3201 andhsspeffl

113 3196 199 3252 adsit,''
211 3199 253 3244 &c
287 3199 325 3246 De
341 3200 396 3247 Son.
412 3213 432 3245 c.
450 3201 487 3246 10.
521 3199 565 3246 Sec
596 3200 624 3247 oi
636 3201 678 3247 the
689 3201 777 3250 Greeks
787 3202 928 3250 alterwmds.

113 3260 331 3321 Key'sGrammar,
345 3265 414 3319 1175.
631 3265 787 3320 Quamobrem
814 3257 1034 3328 osi-simulati]

137 3328 160 3371 d.
179 3325 425 3390 Noaqainpossa'at]
445 3325 566 3374 Astothe
596 3327 726 3376 lambiens
751 3331 848 3378 amends
875 3331 918 3379 tha

97 3401 141 3434 use
160 3388 193 3436 of
208 3392 304 3452 ‘quim'
321 3393 413 3442 seeDe
428 3392 574 3447 Senol'l.
604 3391 683 3438 amen
694 3392 730 3438 ha
744 3395 894 3453 suasis-not
904 3393 998 3452 'anteibo‘

89 3449 151 3500 This
162 3466 164 3473 ’
177 3459 326 3518 expression
349 3459 374 3508 is
396 3457 521 3522 elliptical,
538 3456 583 3505 the
612 3454 779 3503 Y-bhanuhns
793 3454 875 3501 damas
884 3454 1048 3512 malissim-
