2174 3764
398 169 485 238 OAP.
505 174 561 240 VI.
581 178 656 241 VIL
952 183 987 240 19

70 354 124 396 aum
134 356 201 397 suae
213 335 409 417 poeniteret?
436 336 468 395 N
469 356 501 396 ec
511 336 589 396 enim
601 335 768 396 excursione
778 356 832 396 nec
847 337 923 397 saltu
934 358 988 397 neo

70 428 166 489 eminus
181 428 279 488 hastis
300 432 355 487 aut
374 427 504 487 cominus
523 426 624 505 gladiis
642 432 783 501 uteretur,
797 429 848 488 se'd
861 429 988 502 consilio,

10 562 13 569 -
68 519 172 592 ratione,
182 518 345 579 sententia
380 518 462 593 Quae
475 519 532 577 nisi
544 523 643 578 essent
654 519 686 577 in
700 519 825 593 senibus,
839 540 899 578 non
913 540 988 579 sum-

10 625 15 642 ‘
68 628 133 669 mum
157 610 317 670 consilium
344 609 467 688 majores
497 606 591 669 nostri
618 610 810 688 appellassent
841 612 1024 671 benetune·

12 740 19 761 2
67 703 104 761 20.
127 702 220 781 Apud
246 700 492 760 lacedaemonios
519 701 633 780 quidem
658 701 681 759 ii
707 701 756 783 qui
783 703 988 780 amplissimum

13 786 17 793 ’
66 793 257 871 ιιιςίιιιιίῑιιιιι
270 797 388 870 gerunt,
402 796 437 850 ut
451 792 580 865 sunt‚sic
595 792 681 851 etiam
695 792 882 852 nominantur
896 815 986 876 senes.
1013 825 1022 847 .·
1052 836 1055 843 ·

10 892 19 930 t
66 881 138 957 Quod
158 884 186 943 si
205 885 305 960 legere
326 888 380 941 aut
400 876 498 942 audire
517 883 619 943 voletis
640 889 766 956 externa,
785 884 920 944 maximas
941 906 987 944 res

10 986 18 1021 Ξ
63 976 181 1052 publicas
191 974 230 1035 ab
241 974 473 1034 adolescentibus
483 975 799 1059 labefactasasenibus
810 982 987 1036 sustentatas
1031 1010 1034 1015 ·

10 1074 16 1111 :
62 1068 252 1127 etrestitutas
264 1066 427 1145 reperietis.

10 1183 13 1192 '
114 1183 188 1242 Cedo,
200 1180 244 1247 qui
253 1186 357 1231 vestrm
367 1197 418 1230 rem
428 1182 545 1244 publicam
554 1186 645 1229 tanum
655 1181 765 1230 amisistis
775 1186 824 1229 tam
835 1182 898 1230 cito?

61 1282 101 1342 eie
112 1285 191 1343 enim
208 1276 429 1363 percontantur,
442 1289 477 1342 ut
496 1288 542 1342 est
561 1283 593 1341 in
606 1284 637 1342 N
638 1283 711 1342 aerii
723 1284 828 1344 Ludos
857 1284 986 1361 Respon-

60 1374 159 1435 dentur
172 1382 204 1434 ct
217 1374 276 1434 alia
288 1380 320 1433 et
332 1375 387 1433 hoc
400 1374 432 1433 in
444 1375 560 1457 primis:

211 1490 385 1539 Proveniebant
396 1494 498 1538 oratores
507 1491 570 1548 novi,
582 1492 648 1539 stulti
657 1491 829 1546 adolescentuli.

10 1606 12 1611 ·
60 1588 212 1650 Temeritas
232 1595 280 1649 est
292 1589 425 1650 videlicet
441 1590 571 1650 florentis
591 1592 703 1666 aetatis,
717 1591 871 1670 prudentia
891 1611 985 1650 senes·

60 1682 154 1743 centis.

10 1808 14 1815 ·
93 1775 164 1835 VII.
185 1778 236 1834 21.
256 1774 301 1832 At
314 1773 451 1833 memoria
463 1775 613 1834 minuitur.
649 1775 750 1847 Credo,
761 1775 818 1833 nisi
831 1795 894 1834 eam
907 1795 984 1834 exer·

10 1858 18 1913 ,³
60 1886 117 1927 oeus
141 1873 195 1926 aut
219 1865 246 1925 si
270 1865 310 1924 sis
336 1871 441 1924 natura
466 1867 583 1925 tardior.
624 1867 829 1925 Themistocles
857 1867 984 1925 omnium

59 1958 155 2018 civium
178 1962 350 2038 perceperat
373 1956 498 2016 nomina.
539 1958 621 2016 Num
646 1957 737 2035 igitur
760 1959 882 2016 censetis
909 1978 983 2031 eum,

59 2068 141 2127 quum
153 2054 252 2108 aetate
265 2047 462 2126 processisset,
473 2048 522 2126 qui
532 2049 676 2108 Aristides
691 2054 767 2107 esset
781 2049 983 2128 Lysimachum

60 2142 176 2202 salutare
191 2140 336 2201 solitum?
374 2140 515 2218 Equidem
528 2161 588 2199 non
601 2141 685 2199 modo
699 2160 747 2199 cos
761 2141 828 2199 novi
840 2141 891 2218 qui
904 2146 982 2214 sunt,

59 2234 104 2293 sed
123 2254 225 2293 eorum
248 2237 347 2310 patres
368 2231 456 2290 etiam
479 2237 510 2290 et
530 2252 605 2291 avos.
645 2233 710 2291 Nec
734 2233 864 2309 sepulcra
884 2232 982 2310 legens

59 2344 158 2399 vereor,
171 2323 251 2405 quod
264 2322 355 2396 aiunt,
369 2343 406 2382 ne
425 2324 589 2382 memoriam
607 2323 743 2401 perdam3
763 2324 808 2382 hie
821 2324 897 2382 enim
911 2324 981 2403 ipsis

58 2496 169 2550 nmmos,
182 2495 198 2521 “
206 2507 267 2539 num
280 2490 351 2552 igitur
361 2489 431 2546 hunc,
444 2505 503 2536 num
535 2489 616 2550 ‘give’
624 2506 650 2539 or
658 2489 980 2545 ‘tell‚’areallthatareused.

60 2554 438 2603 Hnmemm...aninomnibus
447 2553 500 2600 his''
535 2553 578 2600 See
604 2553 747 2601 Forcellini’s
773 2555 884 2602 Lexicon.
924 2556 981 2603 This
1026 2586 1029 2591 -

59 2620 102 2679 (De
111 2620 166 2667 sm.
176 2618 213 2682 7),
224 2619 245 2666 it
256 2620 417 2679 formsapart
427 2617 454 2663 of
462 2618 502 2664 the
534 2617 623 2664 lambio
639 2619 686 2664 lino
703 2619 723 2664 is
740 2621 826 2679 quoted
842 2620 901 2665 from
917 2620 981 2666 Nae-
1036 2622 1039 2627 ’
1061 2650 1064 2655 -

58 2682 189 2744 &auctiva
198 2683 315 2746 question.
532 2681 592 2736 vius,
604 2696 648 2728 ono
667 2681 693 2727 of
706 2682 747 2728 the
762 2682 801 2729 old
814 2683 945 2729 drametists
957 2683 982 2730 oi

85 2747 220 2808 Soram]
257 2743 380 2793 ‘Senatus’
392 2759 466 2791 seems
476 2748 501 2791 to
534 2745 617 2800 Rome,
625 2745 677 2791 who
688 2744 800 2807 probably
807 2747 859 2793 died
868 2761 916 2793 uc.
925 2750 979 2794 202.

58 2808 216 2859 bonumber
231 2810 258 2857 of
272 2808 369 2863 ‘senem’
380 2823 405 2855 as
422 2809 501 2869 ‘equi-
534 2808 560 2855 If
567 2808 788 2855 ‘Ludo’isthetrue
796 2811 897 2869 reading,
905 2809 981 2856 which

58 2874 127 2923 hus’
144 2876 165 2922 is
184 2890 199 2921 ι
214 2873 316 2921 number
332 2872 359 2918 oi
379 2870 500 2933 ‘equites'
532 2872 605 2919 isnot
615 2873 678 2934 quite
695 2874 789 2929 certain,
806 2874 846 2920 the
858 2874 980 2934 quotation

58 2936 217 2986 maumas
235 2936 353 2998 supposed
370 2936 423 2983 that
442 2936 502 2982 their
532 2951 591 3021 may,
596 2936 626 2983 be
639 2936 699 2982 from
715 2948 733 2983 a
745 2937 798 2998 play
809 2936 922 2984 entitled‘
931 2936 980 2982 Lu·

59 3001 182 3049 ‘'dmnnas
193 3016 243 3049 was
256 3000 367 3048 mealled
382 3000 443 3047 from
458 3000 500 3046 the
531 2999 591 3047 dus!
616 3000 717 3063 (Festus,
739 3015 758 3047 ι.
778 3017 799 3048 v.
821 3000 978 3061 Redhostire.)

58 3066 246 3127 lgeofthsorigr
240 3066 288 3112 nal
298 3063 500 3111 membersosthe
531 3063 605 3111 Orelli
632 3064 763 3117 discovered
790 3065 841 3110 that
868 3063 908 3109 the
932 3063 979 3109 line

59 3126 142 3178 &msa
160 3130 232 3191 (Livy
242 3131 301 3185 i.8,
318 3128 425 3174 Florusi.
439 3126 472 3189 l.)
532 3127 732 3183 ‘Proveniebantss
746 3128 809 3173 &c.'
802 3143 822 3173 rs
839 3126 979 3174 aTrochaic

82 3192 160 3243 rw
168 3208 238 3241 senes
247 3162 304 3238 ’oi
321 3192 362 3238 the
384 3192 499 3238 Lacedae·
530 3195 665 3239 tetrameter
676 3190 800 3237 catalectrc
821 3190 884 3236 But
878 3196 897 3237 rt
907 3205 927 3236 ιι
938 3191 979 3237 the

58 3259 121 3307 noui
141 3272 182 3305 are
198 3259 241 3305 the
260 3262 339 3303 senate
357 3253 498 3318 (γεροντις),
531 3270 594 3302 same
611 3261 684 3301 metre
701 3269 726 3300 as
742 3254 783 3301 the
798 3254 886 3299 linem
902 3254 978 3301 which

57 3322 243 3385 why-eight
235 3336 262 3368 ιιι
286 3318 391 3366 number.
425 3318 498 3379 (Plut.
530 3319 571 3366 the
581 3318 781 3380 questionieput.

58 3380 175 3449 lqmgus,
186 3389 249 3440 ιῠι
243 3382 444 3430 ·AristotP.'oi
427 3398 452 3430 u.
462 3381 497 3446 9.)
563 3384 585 3441 7.
607 3383 677 3443 Quod
693 3380 824 3444 esdoth
838 3380 948 3429 mussi
933 3397 989 3429 ιιι-

80 3450 160 3503 Ma]
170 3419 304 3496 dhof’oms
312 3446 398 3500 ‘foedo
407 3447 497 3510 ‘foede
531 3449 623 3522 iugis!
656 3450 685 3501 iu
700 3465 761 3506 uas
777 3446 978 3513 aequimanus
987 3461 1006 3489 ι

715 3523 770 3582 oh
