2174 3764
261 168 560 235 EPISIOLABUM
578 170 697 235 LIBRI
716 175 817 237 Duo.
944 175 1003 234 219

71 328 204 391 consults
215 350 278 390 nun
295 330 398 410 ignoro
418 332 454 394 ab
468 332 646 394 amicissimis
667 335 729 415 ejus
750 334 832 414 cujus
846 332 882 392 dc
894 331 1004 392 honore

10 458 12 485 :
71 422 165 500 flgitur
177 423 269 483 scribi
282 423 381 485 solere.
421 425 494 503 Ego,
507 429 543 484 ut
557 446 649 505 spero,
663 432 694 486 te
706 425 871 506 propediem
884 424 1003 498 videb03

71 518 154 593 aque
165 514 284 575 utinam
294 534 327 575 re
338 516 455 596 publica
467 517 584 577 meliore
597 538 683 597 quam
696 518 794 578 timeo.

259 684 289 741 ὅ.
309 682 490 742 TULLIUS
511 683 540 742 S.
558 682 598 743 D.
616 684 767 744 TIRONI
786 685 815 744 S.

341 799 419 876 (m.
434 802 481 858 12.
522 817 551 858 s.
565 816 597 860 u.
611 817 638 860 c.
652 798 734 878 705.)

70 913 133 991 Quo
146 913 180 974 in
193 914 358 975 discrimine
368 921 500 975 versetur
512 916 589 976 sadus
601 937 666 976 mea
679 922 709 976 et
721 917 862 977 bonorum
873 916 1001 977 omnium

69 1010 154 1085 atquc
163 1005 316 1066 universae
328 1007 372 1066 rei
384 1007 515 1086 publicae
529 1027 564 1066 ex
577 1028 612 1081 cc
625 1009 697 1068 scire
710 1015 802 1087 potes,
814 1009 891 1086 quod
902 1009 1001 1068 domos

69 1102 181 1157 nostras
191 1102 223 1157 et
232 1098 456 1177 patriumipsam
465 1099 510 1157 vel
519 1099 707 1178 diripiendam
714 1099 760 1158 vel
769 1098 1002 1159 inflammandam

69 1187 244 1269 ruliqmmus.
285 1189 324 1248 Iu
342 1209 409 1248 eum
427 1188 523 1248 locum
543 1210 590 1249 res
609 1189 733 1249 deducte
753 1195 807 1263 est,
820 1195 864 1262 ut,
877 1189 935 1249 nisi
951 1190 1002 1268 qui

69 1276 149 1340 Deus
160 1279 210 1340 vel
227 1299 311 1340 casus
329 1280 431 1359 aliquis
454 1281 627 1355 subvenerit,
642 1283 713 1341 salvi
731 1302 795 1342 esse
815 1301 1000 1359 nequeamus.

68 1369 209 1451 liquidem
221 1375 258 1430 ut
267 1370 333 1432 veni
343 1371 380 1430 ad
387 1371 508 1445 Urbem,
518 1392 579 1432 non
589 1372 688 1432 destiti
699 1372 794 1431 omniu
807 1378 838 1432 et
852 1372 959 1430 sentire
970 1377 1001 1431 et

69 1460 161 1523 dicere
173 1467 207 1522 et
216 1462 311 1521 facere
321 1482 395 1541 quae
405 1462 441 1521 ad
451 1463 631 1522 concordiam
640 1463 836 1543 pertinerent3
850 1463 901 1522 sed
910 1462 1001 1522 mirus

68 1552 211 1613 invaserat
224 1552 306 1612 furor
318 1573 379 1612 non
392 1554 484 1613 solum
497 1553 643 1633 improbis,
655 1554 706 1614 sed
719 1554 806 1614 etiam
820 1555 855 1613 iis
869 1553 920 1632 qui
931 1552 1001 1612 boni

69 1642 220 1715 iubentur,
234 1648 270 1703 ut
290 1663 421 1722 pugnare
441 1649 589 1723 cuperent,
609 1665 656 1705 me
677 1646 819 1705 clamante
841 1645 916 1703 nihil
937 1664 1001 1704 esse

69 1732 140 1796 bello
160 1734 239 1796 civili
259 1735 400 1794 miserius.
441 1736 545 1815 Itaque
563 1757 652 1814 quum
667 1736 773 1796 Caesar
790 1737 916 1796 amentia
932 1756 1000 1815 qua·

70 1825 131 1887 dim
143 1831 306 1906 raperetur,
317 1832 348 1885 et
358 1826 465 1886 oblitus
478 1827 603 1887 nominis
616 1832 704 1906 atque
716 1829 859 1888 honorum
873 1848 1001 1902 suorum,

10 1942 15 1999 j,
69 1916 242 1990 Ariminum,
261 1918 423 1992 Pisaurum,
443 1920 602 1992 Anconam,
621 1919 773 1978 Arretium
793 1920 999 1998 occupavisset,

70 2008 179 2071 Urbem
199 2009 388 2088 reliquimus3
416 2030 501 2088 quam
525 2010 671 2089 sapienter
693 2016 745 2070 aut
768 2031 854 2088 quam
876 2011 1000 2083 fortiter,

10 2160 13 2171 ,
69 2100 260 2161 nihilattiuet
274 2100 424 2180 disputari.
466 2101 532 2176 Quo
546 2101 660 2179 quidem
674 2100 706 2159 in
724 2121 793 2161 casu
808 2102 897 2161 simus
910 2102 999 2161 vides.

69 2190 216 2253 Feruntur
229 2191 346 2251 omnino
365 2191 545 2252 conditiones
566 2192 602 2251 ab
615 2192 673 2265 iilo,
686 2198 722 2251 ut
736 2193 890 2272 Pompeius
908 2199 955 2253 eat
967 2194 1000 2253 in

69 2281 248 2365 Rispaniam,
263 2282 391 2342 delectus
411 2283 461 2362 qui
482 2289 552 2342 sunt
572 2283 665 2342 habiti
687 2287 718 2341 et
737 2283 880 2362 praesidia
898 2289 1001 2345 nostra

70 2374 267 2448 dimittantur3
294 2393 325 2434 se
345 2374 512 2434 ulteriorem
536 2375 659 2435 Geiliam
677 2374 817 2450 Domitio,
837 2377 998 2436 citeriorem

68 2540 111 2590 this
119 2542 146 2590 in
155 2543 251 2590 alettsr
258 2541 286 2588 cf
294 2538 395 2589 Cicero's
404 2538 453 2604 (Ad
460 2540 515 2588 Dic.
547 2539 649 2650 tpppght
659 2540 688 2588 oi
699 2541 772 2603 doing
782 2542 840 2590 such
850 2541 999 2590 abominabis

95 2607 515 2728 (hciromotsrithstaudiugthisfiue
576 2668 866 2730 Intererat-improbis]
911 2669 998 2716 ‘Iuva-

67 2730 139 2792 hus,
161 2747 210 2780 was
231 2732 320 2793 greatly
341 2732 470 2793 displessed
489 2735 514 2778 st
544 2731 606 2778 dere*
627 2732 648 2780 is
669 2733 801 2781 sometimes
822 2733 880 2780 used
901 2733 959 2780 with
982 2747 998 2780 a

68 2795 144 2846 We
162 2796 265 2844 conduct
281 2796 307 2842 in
324 2796 366 2843 the
386 2800 473 2842 mutter
489 2794 518 2842 oi
546 2795 638 2843 dativa

67 2859 286 2922 hs‘mppucem:
298 2859 345 2906 and
352 2859 514 2920 heexpresssd
579 2861 722 2907 ulteriorem
742 2859 857 2921 Galliam]
888 2859 951 2906 Thst
966 2859 995 2917 is,

67 2922 243 2973 hinuliabout
250 2924 271 2970 it
280 2928 306 2970 tc
316 2923 353 2969 his
363 2923 439 2971 friend
450 2923 513 2971 atti-
544 2922 697 2984 Treusalpinc
716 2923 799 2980 Gallia,
821 2922 892 2970 north
908 2923 936 2970 of
953 2923 995 2971 the

66 3002 104 3036 css
112 2990 139 3037 iu
149 3003 183 3036 nc
195 2987 316 3034 mersurcd
327 2992 407 3034 terms.
544 2987 611 3049 Alps,
623 2987 700 3034 which
710 2986 828 3034 consisted
838 2986 866 3034 oi
872 2987 915 3033 the
925 2987 996 3048 crigi-

93 3057 117 3101 d.
139 3053 224 3102 cicero
243 3050 358 3098 decumbas
374 3051 417 3098 the
434 3053 515 3097 events
546 3052 586 3097 nul
598 3052 690 3098 Roman
702 3050 855 3098 Provincisiu
865 3051 907 3098 tha
917 3051 995 3109 south,

66 3116 139 3166 which
149 3116 198 3164 had
212 3114 335 3177 happened
352 3115 415 3162 since
430 3114 516 3162 Caesm
546 3115 594 3161 and
611 3116 653 3162 the
671 3119 736 3176 great
754 3118 835 3161 extent
854 3115 881 3161 of
897 3121 997 3176 country

66 3182 157 3231 med
176 3180 220 3228 the
241 3179 358 3226 Rubicon
403 3179 442 3225 He
468 3178 514 3225 aud
546 3179 622 3226 which
633 3178 775 3227 Caesurhsd
790 3178 891 3226 reduced
904 3179 996 3227 teobe-

65 3244 199 3295 othsrsfled
209 3243 271 3291 frum
282 3244 365 3290 Roma.
389 3242 515 3289 Hisletter
547 3243 629 3290 dieuco
645 3243 670 3289 iu
690 3242 728 3289 his
750 3242 825 3289 Gallie
846 3257 912 3291 ware.
945 3243 997 3291 The

64 3307 383 3364 issidimlous,aswekuow
392 3306 514 3354 thatCae-
547 3307 623 3354 Gallia
644 3306 785 3356 Citerioris
811 3306 853 3355 the
878 3306 997 3372 Cisalpina

64 3370 515 3432 umdnmhmgofthekindmat
547 3370 634 3422 usum

61 3436 138 3485 crem
151 3436 235 3484 affecta
251 3439 276 3482 to
290 3434 356 3494 fourr
378 3437 428 3487 aud
443 3452 517 3487 neser
