2174 3764
422 186 509 246 car.
530 186 585 249 rr.
605 189 643 249 v.
956 156 1029 263 ‘s'rsj

87 336 145 401 nihl
156 360 187 404 eo
199 341 290 423 magis
304 348 350 405 est
368 345 446 405 cordi
459 347 536 425 quod
556 367 591 405 ex
605 347 738 407 omnibus
757 347 860 407 seculis
874 347 918 406 vir
938 347 993 407 tria

88 439 129 491 aut
138 443 269 515 quattuor
281 438 468 498 nominantur
480 439 560 518 paria
577 439 750 512 amicorum
771 460 827 518 quo
841 440 872 497 in
890 459 994 516 genere

88 540 183 601 aperne
195 529 292 589 videor
305 530 445 608 Scipionis
467 537 497 589 et
511 532 602 589 Laelii
615 531 768 590 amicitiam
787 537 884 590 notam
900 537 994 610 poste·

46 666 49 671 .
88 614 229 680 nutare.
271 625 318 681 16.
339 622 438 680 Parin.
459 622 545 681 Istud
565 623 688 701 quidem,
708 623 797 695 Laeli,
816 623 857 682 ita
878 644 994 683 necesse

89 714 129 766 et.
162 712 218 781 Sed
230 712 366 791 quoniam
387 713 528 772 amicitiae
548 714 723 773 mentionem
742 714 837 773 fecisti
850 720 880 773 et
894 735 993 774 sumus

89 798 163 876 otiosi,
181 810 347 882 pergratum
369 805 439 863 mihi
459 805 570 878 feceris,
592 826 675 884 spero
699 807 768 865 item
793 807 949 879 Scaevolae,
969 807 993 865 si

89 895 305 966 quemadmodum
326 896 401 956 soles
421 897 457 955 de
477 897 580 956 ceteris
601 898 687 956 rebus
702 918 790 975 quum
811 918 846 956 ex
865 903 896 956 te
909 918 993 976 quae-

88 989 180 1059 runtur,
201 987 243 1047 sic
265 987 302 1046 de
324 987 449 1046 amicitia
473 988 627 1066 disputaris
649 989 718 1066 quid
742 988 858 1061 sentias,
882 989 993 1066 qualem

88 1072 219 1153 edstimes,
237 1099 310 1157 quae
330 1084 482 1158 praecepta
502 1079 560 1138 des.
601 1080 709 1139 Scanv.
730 1079 808 1138 Mihi
828 1100 894 1138 vero
917 1081 990 1158 [per-

88 1171 180 1239 gratum
193 1169 263 1247 erit]
276 1195 283 1242 ;
303 1175 390 1249 atque
402 1170 434 1229 id
446 1170 540 1247 ipsum
554 1191 642 1249 quum
655 1176 752 1230 tecum
765 1190 849 1247 agere
866 1190 992 1242 conarer,

88 1252 196 1319 Fannius
209 1261 373 1320 antevertit.
402 1261 594 1336 Quamobrem
604 1262 720 1341 utrique
733 1267 864 1321 nostrum
878 1267 993 1339 gratum

87 1344 219 1411 rdnodum
232 1352 343 1411 feceris.

115 1439 146 1501 V.
165 1444 211 1505 17.
231 1445 326 1507 Lanu.
353 1445 416 1522 Ego
438 1464 505 1504 vero
531 1465 591 1505 non
617 1466 756 1524 gravarer,
784 1444 809 1504 si
835 1444 906 1503 mihi
931 1444 993 1523 ipse

86 1535 255 1615 confiderem
274 1557 342 1595 nam
355 1542 385 1596 et
398 1537 542 1615 praeclara
559 1558 605 1596 res
626 1544 680 1610 est,
695 1543 725 1596 et
747 1557 853 1608 sumus,
872 1542 907 1595 ut
921 1536 992 1595 dixit

84 1620 203 1700 Fannius,
218 1628 312 1709 otiosi.
353 1628 410 1687 sed
427 1628 492 1706 quis
512 1649 565 1706 ego
584 1628 673 1703 sum?
694 1633 745 1687 aut
759 1648 831 1706 quae
845 1627 934 1687 estin
947 1648 992 1686 me

83 1710 212 1779 bouitas?
250 1720 412 1779 Doctorum
431 1725 476 1779 est
495 1719 553 1778 ista
572 1720 750 1780 consuetudo
764 1741 853 1798 eaque
869 1721 991 1781 Graeco·

84 1822 135 1867 run
153 1816 187 1869 ut
211 1810 249 1869 iis
271 1816 397 1895 ponatur
420 1811 455 1870 de
478 1831 534 1889 quo
559 1811 709 1891 disputent
732 1812 859 1890 quamvis
886 1813 991 1874 subito.

33 1930 35 1941 ·
84 1892 208 1977 Magnum
217 1922 290 1981 opus
300 1908 346 1962 est
354 1910 475 1981 egetque
486 1903 689 1985 exercitatione
699 1924 860 1982 nonparva.
886 1906 992 1981 Quam-

84 1986 164 2051 obrem
176 2012 249 2073 qnee
262 1994 404 2073 disputari
423 1995 458 2054 de
479 1995 603 2054 amicitia
623 2002 755 2074 possunt,
770 1997 806 2055 ab
826 1995 867 2055 eis
889 2017 991 2056 censeo

83 2084 171 2157 pehtis
184 2085 234 2165 qui
245 2085 303 2144 ista
314 2086 495 2165 profitentur.
536 2088 599 2164 Ego
611 2108 662 2146 vos
676 2087 785 2146 hortari
798 2093 913 2147 tantum
927 2109 991 2166 pos·

83 2188 135 2232 eum
153 2181 188 2235 ut
209 2176 363 2237 amicitiam
382 2178 514 2237 omnibus
534 2180 620 2266 rebus
643 2179 776 2238 humanis
798 2181 990 2259 anteponatis.

73 2364 226 2429 ’Πείήὴ
259 2366 311 2415 'l'he
326 2367 398 2430 rarity
416 2368 443 2415 of
460 2372 513 2416 true
543 2369 626 2416 nected
644 2368 675 2429 by
693 2368 763 2416 ‘aut'
779 2368 929 2417 aredistinet
945 2370 993 2416 and

80 2422 193 2492 tindshlp
209 2431 230 2478 ie
246 2430 335 2487 εἰιοιιιι,
357 2446 410 2492 says
432 2432 513 2480 Cicero
544 2433 658 2487 different,
675 2433 736 2480 asin
752 2433 799 2480 this
809 2434 929 2494 exemple;
945 2434 991 2480 and

81 2485 266 2557 mambae),
282 2494 315 2556 by
331 2495 472 2543 theiictions
489 2496 516 2542 of
544 2497 601 2559 they
625 2511 679 2556 may
705 2496 735 2544 be
761 2498 936 2559 contradictory‚
965 2512 992 2544 cs

79 2555 188 2620 fflqrrity,
199 2558 275 2605 which
285 2559 369 2621 supply
379 2559 435 2619 only
445 2560 512 2607 three
542 2561 610 2607 when
623 2558 689 2607 ‘eut’
699 2560 720 2606 is
732 2561 851 2621 repeated:
865 2562 991 2608 ‘autenim

79 2614 188 2676 finees,
204 2621 332 2683 beginning
340 2623 397 2670 with
407 2623 512 2671 'l'heeens
543 2639 670 2671 nemo...
685 2627 726 2671 cut
742 2624 792 2671 ille'
812 2624 861 2686 (De
879 2625 933 2671 Am.
956 2625 990 2687 2).

33 2704 36 2731 ι
78 2682 118 2731 ml
133 2685 219 2746 ending
238 2686 296 2732 with
317 2686 420 2734 Orestae
461 2687 512 2734 'l'he
543 2687 800 2743 When‘vel'iansed,
816 2689 992 2735 thedifference

77 2742 333 2811 tinniipof'rhm
343 2751 390 2797 and
396 2750 512 2797 Pirithous
543 2752 648 2799 between
663 2752 704 2798 the
719 2757 765 2798 two
781 2752 859 2811 things
874 2752 991 2798 isviewed

33 2854 35 2865 ,
76 2806 145 2859 bne
159 2814 220 2869 first,
237 2813 291 2860 that
305 2814 331 2861 of
344 2814 447 2862 Achilles
465 2814 512 2861 and
542 2830 568 2862 ae
583 2815 728 2869 immaterieh
749 2815 794 2862 and
814 2815 871 2862 both
890 2830 942 2875 may
962 2814 991 2861 be

33 2888 36 2929 ι
77 2870 220 2924 Μωὶιιείε
238 2876 280 2924 the
296 2878 382 2925 second
399 2879 511 2934 instance,
542 2879 869 2934 true,asin‘velnoetrorum
878 2879 991 2938 majorum

76 2938 115 2987 nd
131 2940 184 2988 that
200 2939 227 2987 oi
240 2940 334 2988 Orestes
350 2941 397 2989 and
415 2942 513 3002 Pylades
544 2943 580 2989 sel
596 2941 690 2990 eomm'
710 2943 759 3005 (De
774 2943 882 3004 Am.4);
899 2942 950 2988 ‘vel
965 2942 991 2988 in

75 2998 184 3051 tenna
214 3003 295 3051 Cicero
307 3003 356 3067 (De
366 3004 414 3053 off.
425 3006 458 3052 iii.
472 3003 512 3068 10)
544 3006 594 3063 eis,'
606 3010 648 3052 &a
666 3004 779 3069 (DeAm.
791 3004 826 3067 a)

76 3061 111 3113 h
123 3082 139 3115 a
151 3066 232 3115 fourth
246 3068 350 3115 metonae
369 3069 415 3116 end
430 3069 455 3115 in
470 3070 512 3115 the
573 3070 631 3117 This
648 3070 694 3117 will
712 3070 803 3130 explain
819 3068 859 3115 the
874 3067 991 3128 emphatic

33 3136 35 3143 '
75 3124 183 3179 Mn!
202 3131 291 3193 period,
311 3132 338 3179 in
356 3132 450 3181 Damon
465 3132 512 3179 and
542 3131 892 3181 nseof‘vel'inthesenseoi
902 3132 989 3188 ‘even,’

75 3188 178 3251 mann,
194 3195 335 3257 orl'ythias,
352 3211 378 3244 aa
393 3196 512 3244 thename
543 3212 568 3244 es
588 3197 614 3243 in
636 3195 684 3259 (De
710 3197 764 3243 Sen.
787 3194 836 3258 20),
860 3196 924 3257 “qui
946 3196 991 3243 iter

73 3252 229 3307 teneone
237 3261 336 3306 written.
543 3261 627 3307 Poenis
638 3261 674 3307 vel
685 3258 820 3321 corporibus
830 3257 901 3314 suis,’'
913 3260 955 3307 &a

98 3322 160 3383 Aut]
178 3320 270 3371 Orthe
277 3322 512 3371 diffmmcebetween
578 3325 656 3380 Quum
677 3337 707 3372 ee
723 3325 763 3383 tel
792 3323 886 3376 “Qum
898 3338 930 3370 en
941 3321 991 3379 «εἷ’

75 3384 323 3439 'nt’snd‘reb’ses
338 3386 412 3451 Key'a
426 3388 512 3437 Gram-
546 3389 620 3456 Scyll.

67 3456 116 3503 Π,
127 3448 194 3495 4444·
223 3448 444 3513 ssepmpoeffions
456 3470 513 3505 oon-
